day;timestamp;product;bid_price_1;bid_volume_1;bid_price_2;bid_volume_2;bid_price_3;bid_volume_3;ask_price_1;ask_volume_1;ask_price_2;ask_volume_2;ask_price_3;ask_volume_3;mid_price;profit_and_loss
-1;0;PEARLS;9998;1;9995;30;;;10005;30;;;;;10001.5;0.0
-1;0;BANANAS;4893;1;4892;30;;;4899;30;;;;;4896.0;0.0
-1;100;PEARLS;9996;1;9995;30;;;10002;6;10004;1;10005;30;9999.0;0.0
-1;100;BANANAS;4892;31;;;;;4896;7;4898;31;;;4894.0;0.0
-1;200;BANANAS;4892;22;;;;;4899;22;;;;;4895.5;0.0
-1;200;PEARLS;9996;1;9995;21;;;10004;1;10005;21;;;10000.0;0.0
-1;300;PEARLS;9996;2;9995;23;;;9998;3;10004;2;10005;23;9997.0;0.0
-1;300;BANANAS;4893;25;;;;;4899;2;4900;23;;;4896.0;0.0
-1;400;PEARLS;9998;5;9996;2;9995;23;10004;2;10005;23;;;10001.0;6.0
-1;400;BANANAS;4894;5;4893;25;;;4899;25;;;;;4896.5;0.0
-1;500;PEARLS;10002;1;9996;2;9995;22;10004;2;10005;22;;;10003.0;6.0
-1;500;BANANAS;4893;24;;;;;4899;24;;;;;4896.0;0.0
-1;600;BANANAS;4892;26;;;;;4897;9;4899;26;;;4894.5;0.0
-1;600;PEARLS;9996;2;9995;24;;;10002;9;10004;2;10005;24;9999.0;8.0
-1;700;PEARLS;9998;7;9995;27;;;10005;27;;;;;10001.5;8.0
-1;700;BANANAS;4892;7;4891;27;;;4898;27;;;;;4895.0;0.0
-1;800;PEARLS;9995;26;;;;;10005;26;;;;;10000.0;8.0
-1;800;BANANAS;4891;26;;;;;4898;26;;;;;4894.5;0.0
-1;900;BANANAS;4892;2;4891;27;;;4898;29;;;;;4895.0;0.0
-1;900;PEARLS;9996;2;9995;27;;;10004;2;10005;27;;;10000.0;8.0
-1;1000;BANANAS;4891;28;;;;;4897;2;4898;26;;;4894.0;0.0
-1;1000;PEARLS;9996;2;9995;26;;;10004;2;10005;26;;;10000.0;8.0
-1;1100;BANANAS;4891;25;;;;;4898;25;;;;;4894.5;0.0
-1;1100;PEARLS;9996;2;9995;23;;;10004;2;10005;23;;;10000.0;8.0
-1;1200;PEARLS;9998;9;9996;2;9995;28;10004;2;10005;28;;;10001.0;8.0
-1;1200;BANANAS;4892;9;4891;30;;;4898;30;;;;;4895.0;0.0
-1;1300;PEARLS;9996;1;9995;27;;;10004;1;10005;27;;;10000.0;8.0
-1;1300;BANANAS;4891;1;4890;27;;;4892;4;4897;28;;;4891.5;0.0
-1;1400;BANANAS;4891;1;4890;24;;;4897;26;;;;;4894.0;224.83789
-1;1400;PEARLS;9996;2;9995;24;;;10004;2;10005;24;;;10000.0;8.0
-1;1500;PEARLS;10002;1;9996;2;9995;20;10004;2;10005;20;;;10003.0;8.0
-1;1500;BANANAS;4896;1;4891;2;4890;20;4897;22;;;;;4896.5;223.22852
-1;1600;PEARLS;9996;1;9995;22;;;10004;1;10005;22;;;10000.0;10.0
-1;1600;BANANAS;4891;23;;;;;4897;23;;;;;4894.0;172.43945
-1;1700;PEARLS;9995;27;;;;;10005;27;;;;;10000.0;10.0
-1;1700;BANANAS;4890;27;;;;;4893;2;4897;27;;;4891.5;174.82715
-1;1800;BANANAS;4891;2;4890;25;;;4897;27;;;;;4894.0;285.91406
-1;1800;PEARLS;9996;2;9995;25;;;10004;2;10005;25;;;10000.0;10.0
-1;1900;PEARLS;9996;2;9995;29;;;10004;2;10005;29;;;10000.0;10.0
-1;1900;BANANAS;4890;31;;;;;4897;31;;;;;4893.5;283.41016
-1;2000;PEARLS;9996;1;9995;25;;;10002;7;10004;1;10005;25;9999.0;10.0
-1;2000;BANANAS;4890;26;;;;;4895;7;4896;1;4897;25;4892.5;283.22266
-1;2100;PEARLS;9995;23;;;;;10005;23;;;;;10000.0;10.0
-1;2100;BANANAS;4890;23;;;;;4897;23;;;;;4893.5;284.14648
-1;2200;BANANAS;4890;2;4889;30;;;4896;32;;;;;4893.0;285.4961
-1;2200;PEARLS;9996;2;9995;30;;;10004;2;10005;30;;;10000.0;10.0
-1;2300;PEARLS;9996;2;9995;22;;;10004;2;10005;22;;;10000.0;10.0
-1;2300;BANANAS;4890;2;4889;22;;;4896;24;;;;;4893.0;286.60742
-1;2400;PEARLS;9998;4;9996;2;9995;23;10004;2;10005;23;;;10001.0;10.0
-1;2400;BANANAS;4894;3;4890;6;4889;23;4896;25;;;;;4895.0;292.6914
-1;2500;BANANAS;4890;21;;;;;4891;5;4896;1;4897;20;4890.5;291.0078
-1;2500;PEARLS;9996;1;9995;20;;;10004;1;10005;20;;;10000.0;10.0
-1;2600;BANANAS;4889;25;;;;;4896;25;;;;;4892.5;582.0742
-1;2600;PEARLS;9995;25;;;;;10005;25;;;;;10000.0;10.0
-1;2700;BANANAS;4890;10;4889;24;;;4896;25;;;;;4893.0;584.9219
-1;2700;PEARLS;9998;4;9996;1;9995;24;10004;1;10005;24;;;10001.0;10.0
-1;2800;PEARLS;9998;5;9995;29;;;10005;29;;;;;10001.5;10.0
-1;2800;BANANAS;4895;1;4891;5;4890;29;4897;29;;;;;4896.0;582.77734
-1;2900;BANANAS;4891;25;;;;;4897;25;;;;;4894.0;580.9883
-1;2900;PEARLS;10002;10;9996;2;9995;23;10004;2;10005;23;;;10003.0;10.0
-1;3000;BANANAS;4891;31;;;;;4897;31;;;;;4894.0;581.4219
-1;3000;PEARLS;9996;2;9995;29;;;10004;2;10005;29;;;10000.0;30.0
-1;3100;BANANAS;4891;27;;;;;4897;2;4898;26;;;4894.0;587.8125
-1;3100;PEARLS;9996;2;9995;26;;;10004;2;10005;26;;;10000.0;30.0
-1;3200;PEARLS;9996;2;9995;30;;;10002;6;10004;2;10005;30;9999.0;30.0
-1;3200;BANANAS;4891;32;;;;;4896;6;4898;32;;;4893.5;585.39453
-1;3300;BANANAS;4891;28;;;;;4897;2;4898;26;;;4894.0;579.8828
-1;3300;PEARLS;9996;2;9995;26;;;10004;2;10005;26;;;10000.0;30.0
-1;3400;BANANAS;4891;29;;;;;4897;2;4898;27;;;4894.0;581.3711
-1;3400;PEARLS;9996;2;9995;27;;;10004;2;10005;27;;;10000.0;30.0
-1;3500;BANANAS;4891;30;;;;;4896;9;4897;2;4898;28;4893.5;583.2344
-1;3500;PEARLS;9996;2;9995;28;;;10002;9;10004;2;10005;28;9999.0;30.0
-1;3600;PEARLS;9995;21;;;;;9998;1;10005;21;;;9996.5;30.0
-1;3600;BANANAS;4891;21;;;;;4898;21;;;;;4894.5;589.375
-1;3700;BANANAS;4892;31;;;;;4896;6;4898;31;;;4894.0;589.3281
-1;3700;PEARLS;9996;2;9995;29;;;10000;5;10002;7;10004;2;9998.0;32.0
-1;3800;BANANAS;4892;30;;;;;4898;1;4899;29;;;4895.0;588.9375
-1;3800;PEARLS;10002;1;9996;1;9995;29;10004;1;10005;29;;;10003.0;32.0
-1;3900;BANANAS;4893;1;4892;25;;;4898;25;;;;;4895.5;587.75
-1;3900;PEARLS;9998;1;9995;25;;;10005;25;;;;;10001.5;34.0
-1;4000;PEARLS;10002;9;9996;2;9995;27;10004;2;10005;27;;;10003.0;34.0
-1;4000;BANANAS;4892;2;4891;27;;;4898;29;;;;;4895.0;587.4883
-1;4100;BANANAS;4892;24;;;;;4899;24;;;;;4895.5;583.95703
-1;4100;PEARLS;9996;1;9995;23;;;10004;1;10005;23;;;10000.0;52.0
-1;4200;BANANAS;4892;26;;;;;4893;10;4899;28;;;4892.5;583.8047
-1;4200;PEARLS;9996;2;9995;26;;;10004;2;10005;26;;;10000.0;52.0
-1;4300;BANANAS;4892;31;;;;;4899;31;;;;;4895.5;1140.75
-1;4300;PEARLS;9996;2;9995;29;;;10004;2;10005;29;;;10000.0;52.0
-1;4400;PEARLS;9996;1;9995;26;;;9998;1;10004;1;10005;26;9997.0;52.0
-1;4400;BANANAS;4892;26;;;;;4899;27;;;;;4895.5;1145.5859
-1;4500;BANANAS;4892;27;;;;;4899;27;;;;;4895.5;1144.9297
-1;4500;PEARLS;9995;27;;;;;10005;27;;;;;10000.0;54.0
-1;4600;BANANAS;4893;1;4892;21;;;4899;22;;;;;4896.0;1147.2969
-1;4600;PEARLS;9996;1;9995;21;;;10004;1;10005;21;;;10000.0;54.0
-1;4700;BANANAS;4892;27;;;;;4893;8;4899;27;;;4892.5;1142.0312
-1;4700;PEARLS;9998;4;9996;1;9995;26;10004;1;10005;26;;;10001.0;54.0
-1;4800;PEARLS;10002;3;9996;1;9995;24;10004;1;10005;24;;;10003.0;54.0
-1;4800;BANANAS;4898;1;4893;1;4892;24;4899;25;;;;;4898.5;1141.8516
-1;4900;BANANAS;4893;22;;;;;4899;22;;;;;4896.0;1086.2812
-1;4900;PEARLS;9995;22;;;;;9998;4;10005;22;;;9996.5;60.0
-1;5000;BANANAS;4893;4;4892;22;;;4899;23;;;;;4896.0;1099.8516
-1;5000;PEARLS;9998;3;9996;1;9995;22;10004;1;10005;22;;;10001.0;68.0
-1;5100;BANANAS;4894;7;4893;25;;;4899;25;;;;;4896.5;1104.0312
-1;5100;PEARLS;10002;1;9998;9;9995;25;10005;25;;;;;10003.5;68.0
-1;5200;PEARLS;9996;2;9995;22;;;10004;2;10005;22;;;10000.0;70.0
-1;5200;BANANAS;4893;24;;;;;4900;24;;;;;4896.5;1102.1875
-1;5300;PEARLS;9995;25;;;;;10005;25;;;;;10000.0;70.0
-1;5300;BANANAS;4893;25;;;;;4900;25;;;;;4896.5;1106.1797
-1;5400;BANANAS;4894;27;;;;;4899;8;4901;27;;;4896.5;1111.1797
-1;5400;PEARLS;9995;27;;;;;10000;6;10002;8;10005;27;9997.5;70.0
-1;5500;BANANAS;4895;1;4894;29;;;4901;30;;;;;4898.0;1112.2266
-1;5500;PEARLS;9996;1;9995;29;;;10004;1;10005;29;;;10000.0;70.0
-1;5600;BANANAS;4896;8;4895;27;;;4901;1;4902;26;;;4898.5;1102.8906
-1;5600;PEARLS;10002;1;9998;8;9996;1;10004;1;10005;26;;;10003.0;70.0
-1;5700;PEARLS;9998;4;9996;2;9995;23;10004;2;10005;23;;;10001.0;72.0
-1;5700;BANANAS;4897;2;4896;4;4895;25;4901;25;;;;;4899.0;679.7656
-1;5800;PEARLS;10002;1;9998;10;9995;24;10005;24;;;;;10003.5;72.0
-1;5800;BANANAS;4900;1;4895;10;4894;24;4901;24;;;;;4900.5;572.34375
-1;5900;BANANAS;4895;21;;;;;4901;21;;;;;4898.0;520.4922
-1;5900;PEARLS;10000;5;9996;1;9995;20;10004;1;10005;20;;;10002.0;74.0
-1;6000;PEARLS;9996;2;9995;22;;;9998;4;10004;2;10005;22;9997.0;74.0
-1;6000;BANANAS;4895;2;4894;22;;;4901;24;;;;;4898.0;519.09375
-1;6100;PEARLS;9996;1;9995;24;;;10000;5;10002;2;10004;1;9998.0;82.0
-1;6100;BANANAS;4895;1;4894;24;;;4899;2;4901;25;;;4897.0;521.58984
-1;6200;PEARLS;9996;1;9995;29;;;10004;1;10005;29;;;10000.0;82.0
-1;6200;BANANAS;4894;29;;;;;4895;12;4901;30;;;4894.5;520.52734
-1;6300;BANANAS;4894;24;;;;;4901;25;;;;;4897.5;522.2461
-1;6300;PEARLS;9995;25;;;;;10005;25;;;;;10000.0;82.0
-1;6400;PEARLS;10000;4;9995;23;;;10005;23;;;;;10002.5;82.0
-1;6400;BANANAS;4894;23;;;;;4901;23;;;;;4897.5;523.0742
-1;6500;PEARLS;9995;20;;;;;10005;20;;;;;10000.0;82.0
-1;6500;BANANAS;4894;20;;;;;4901;20;;;;;4897.5;524.6719
-1;6600;PEARLS;9996;1;9995;26;;;10004;1;10005;26;;;10000.0;82.0
-1;6600;BANANAS;4894;27;;;;;4901;27;;;;;4897.5;527.90625
-1;6700;BANANAS;4894;28;;;;;4900;2;4901;26;;;4897.0;526.1133
-1;6700;PEARLS;10002;4;9996;2;9995;26;10004;2;10005;26;;;10003.0;82.0
-1;6800;BANANAS;4894;1;4893;24;;;4899;1;4900;23;;;4896.5;520.8086
-1;6800;PEARLS;9998;1;9996;1;9995;23;10004;1;10005;23;;;10001.0;90.0
-1;6900;PEARLS;9995;28;;;;;10005;28;;;;;10000.0;90.0
-1;6900;BANANAS;4898;1;4897;4;4893;28;4900;28;;;;;4899.0;519.3281
-1;7000;PEARLS;10000;6;9998;7;9996;2;10004;2;10005;27;;;10002.0;90.0
-1;7000;BANANAS;4894;9;4893;27;;;4900;29;;;;;4897.0;467.53125
-1;7100;PEARLS;9996;1;9995;29;;;10004;1;10005;29;;;10000.0;90.0
-1;7100;BANANAS;4893;30;;;;;4900;30;;;;;4896.5;468.79688
-1;7200;BANANAS;4893;23;;;;;4899;2;4900;21;;;4896.0;470.02344
-1;7200;PEARLS;9996;2;9995;21;;;10004;2;10005;21;;;10000.0;90.0
-1;7300;PEARLS;9996;2;9995;23;;;10002;4;10004;2;10005;23;9999.0;90.0
-1;7300;BANANAS;4893;25;;;;;4898;4;4900;25;;;4895.5;467.22656
-1;7400;PEARLS;10002;1;9996;2;9995;28;10004;2;10005;28;;;10003.0;90.0
-1;7400;BANANAS;4894;30;;;;;4900;2;4901;28;;;4897.0;466.01953
-1;7500;PEARLS;9995;29;;;;;10005;29;;;;;10000.0;92.0
-1;7500;BANANAS;4894;29;;;;;4901;29;;;;;4897.5;465.14844
-1;7600;BANANAS;4895;2;4894;24;;;4901;26;;;;;4898.0;460.69922
-1;7600;PEARLS;9996;2;9995;24;;;10004;2;10005;24;;;10000.0;92.0
-1;7700;PEARLS;9995;28;;;;;10005;28;;;;;10000.0;92.0
-1;7700;BANANAS;4900;1;4894;28;;;4901;28;;;;;4900.5;455.94922
-1;7800;PEARLS;9996;1;9995;22;;;10004;1;10005;22;;;10000.0;92.0
-1;7800;BANANAS;4900;1;4895;1;4894;22;4901;23;;;;;4900.5;410.35352
-1;7900;PEARLS;9996;1;9995;25;;;10002;4;10004;1;10005;25;9999.0;92.0
-1;7900;BANANAS;4895;26;;;;;4900;4;4901;1;4902;25;4897.5;358.67578
-1;8000;BANANAS;4896;23;;;;;4902;23;;;;;4899.0;358.41602
-1;8000;PEARLS;9996;1;9995;22;;;10004;1;10005;22;;;10000.0;92.0
-1;8100;PEARLS;9995;22;;;;;10005;22;;;;;10000.0;92.0
-1;8100;BANANAS;4896;22;;;;;4902;22;;;;;4899.0;-848.21875
-1;8200;PEARLS;9995;20;;;;;9998;1;10002;2;10005;20;9996.5;92.0
-1;8200;BANANAS;4896;20;;;;;4903;20;;;;;4899.5;-847.3594
-1;8300;PEARLS;10002;1;9998;6;9996;1;10004;1;10005;26;;;10003.0;94.0
-1;8300;BANANAS;4897;7;4896;26;;;4903;27;;;;;4900.0;-846.0156
-1;8400;BANANAS;4897;26;;;;;4904;26;;;;;4900.5;-840.6328
-1;8400;PEARLS;9995;26;;;;;10005;26;;;;;10000.0;96.0
-1;8500;PEARLS;9995;30;;;;;10005;30;;;;;10000.0;96.0
-1;8500;BANANAS;4899;5;4896;30;;;4903;30;;;;;4901.0;-830.85156
-1;8600;PEARLS;9996;1;9995;22;;;10004;1;10005;22;;;10000.0;96.0
-1;8600;BANANAS;4896;23;;;;;4903;23;;;;;4899.5;-828.8828
-1;8700;PEARLS;9996;1;9995;29;;;10004;1;10005;29;;;10000.0;96.0
-1;8700;BANANAS;4896;30;;;;;4898;1;4903;30;;;4897.0;-847.60156
-1;8800;BANANAS;4896;23;;;;;4897;4;4903;23;;;4896.5;-851.9375
-1;8800;PEARLS;9995;23;;;;;9998;12;10005;23;;;9996.5;96.0
-1;8900;PEARLS;10002;5;9996;1;9995;26;10004;1;10005;26;;;10003.0;120.0
-1;8900;BANANAS;4896;27;;;;;4902;1;4903;26;;;4899.0;-847.4453
-1;9000;PEARLS;9995;23;;;;;10002;7;10005;23;;;9998.5;130.0
-1;9000;BANANAS;4895;23;;;;;4900;7;4902;23;;;4897.5;-852.7578
-1;9100;PEARLS;9996;1;9995;30;;;10004;1;10005;30;;;10000.0;130.0
-1;9100;BANANAS;4896;31;;;;;4899;3;4903;31;;;4897.5;-861.7344
-1;9200;BANANAS;4896;24;;;;;4901;3;4903;24;;;4898.5;-855.3672
-1;9200;PEARLS;9995;24;;;;;10002;3;10005;24;;;9998.5;130.0
-1;9300;PEARLS;9995;23;;;;;10005;23;;;;;10000.0;130.0
-1;9300;BANANAS;4895;23;;;;;4902;23;;;;;4898.5;-854.8594
-1;9400;PEARLS;9996;2;9995;22;;;10004;2;10005;22;;;10000.0;130.0
-1;9400;BANANAS;4895;24;;;;;4902;24;;;;;4898.5;-858.6875
-1;9500;PEARLS;9998;9;9996;1;9995;28;10004;1;10005;28;;;10001.0;130.0
-1;9500;BANANAS;4897;9;4896;29;;;4902;1;4903;28;;;4899.5;-856.84375
-1;9600;BANANAS;4896;19;;;;;4902;20;;;;;4899.0;-853.6875
-1;9600;PEARLS;9995;20;;;;;10005;20;;;;;10000.0;130.0
-1;9700;PEARLS;9998;3;9995;25;;;10005;25;;;;;10001.5;130.0
-1;9700;BANANAS;4897;3;4896;25;;;4903;25;;;;;4900.0;-858.3281
-1;9800;PEARLS;9995;21;;;;;10002;5;10005;21;;;9998.5;130.0
-1;9800;BANANAS;4895;21;;;;;4900;5;4902;21;;;4897.5;-857.1875
-1;9900;BANANAS;4895;22;;;;;4902;22;;;;;4898.5;-854.85156
-1;9900;PEARLS;9995;22;;;;;10005;22;;;;;10000.0;130.0
-1;10000;BANANAS;4896;8;4895;31;;;4902;31;;;;;4899.0;-852.25
-1;10000;PEARLS;9998;8;9996;2;9995;29;10004;2;10005;29;;;10001.0;130.0
-1;10100;BANANAS;4895;22;;;;;4902;22;;;;;4898.5;-854.72656
-1;10100;PEARLS;9995;22;;;;;10005;22;;;;;10000.0;130.0
-1;10200;PEARLS;9996;2;9995;23;;;10004;2;10005;23;;;10000.0;130.0
-1;10200;BANANAS;4895;25;;;;;4901;2;4902;23;;;4898.0;-860.84375
-1;10300;PEARLS;9996;2;9995;20;;;10004;2;10005;20;;;10000.0;130.0
-1;10300;BANANAS;4895;22;;;;;4896;4;4901;2;4902;20;4895.5;-857.4453
-1;10400;BANANAS;4895;30;;;;;4902;30;;;;;4898.5;-866.2969
-1;10400;PEARLS;9995;30;;;;;10005;30;;;;;10000.0;130.0
-1;10500;PEARLS;9998;4;9996;1;9995;27;10004;1;10005;27;;;10001.0;130.0
-1;10500;BANANAS;4896;4;4895;28;;;4901;28;;;;;4898.5;-847.33594
-1;10600;PEARLS;9995;23;;;;;9998;2;10002;6;10005;23;9996.5;130.0
-1;10600;BANANAS;4895;23;;;;;4900;6;4902;23;;;4897.5;-847.7344
-1;10700;PEARLS;9998;1;9995;23;;;10005;23;;;;;10001.5;134.0
-1;10700;BANANAS;4896;1;4895;23;;;4902;23;;;;;4899.0;-852.4531
-1;10800;BANANAS;4896;3;4895;23;;;4902;23;;;;;4899.0;-918.9219
-1;10800;PEARLS;10002;1;9998;4;9995;23;10005;23;;;;;10003.5;134.0
-1;10900;PEARLS;9996;1;9995;29;;;10004;1;10005;29;;;10000.0;136.0
-1;10900;BANANAS;4895;1;4894;29;;;4901;30;;;;;4898.0;-929.6328
-1;11000;PEARLS;9996;1;9995;29;;;10004;1;10005;29;;;10000.0;136.0
-1;11000;BANANAS;4894;30;;;;;4900;1;4901;29;;;4897.0;-916.1953
-1;11100;PEARLS;9996;2;9995;29;;;10002;4;10004;2;10005;29;9999.0;136.0
-1;11100;BANANAS;4894;31;;;;;4899;4;4900;2;4901;29;4896.5;-915.0547
-1;11200;BANANAS;4894;29;;;;;4901;29;;;;;4897.5;-915.6797
-1;11200;PEARLS;10002;1;9996;1;9995;28;10004;1;10005;28;;;10003.0;136.0
-1;11300;BANANAS;4898;1;4894;27;;;4900;1;4901;26;;;4899.0;-905.5625
-1;11300;PEARLS;9996;1;9995;26;;;10004;1;10005;26;;;10000.0;138.0
-1;11400;PEARLS;9998;2;9996;1;9995;23;10004;1;10005;23;;;10001.0;138.0
-1;11400;BANANAS;4895;3;4894;24;;;4900;1;4901;23;;;4897.5;-945.7422
-1;11500;BANANAS;4894;2;4893;28;;;4900;29;;;;;4897.0;-939.08594
-1;11500;PEARLS;9998;1;9996;1;9995;28;10004;1;10005;28;;;10001.0;138.0
-1;11600;BANANAS;4892;26;;;;;4899;26;;;;;4895.5;-933.9453
-1;11600;PEARLS;9995;26;;;;;10005;26;;;;;10000.0;138.0
-1;11700;BANANAS;4893;22;;;;;4899;1;4900;21;;;4896.0;-937.1094
-1;11700;PEARLS;9996;1;9995;21;;;10004;1;10005;21;;;10000.0;138.0
-1;11800;PEARLS;9995;21;;;;;10005;21;;;;;10000.0;138.0
-1;11800;BANANAS;4893;21;;;;;4900;21;;;;;4896.5;-938.1094
-1;11900;BANANAS;4893;25;;;;;4900;25;;;;;4896.5;-925.1719
-1;11900;PEARLS;9995;25;;;;;10005;25;;;;;10000.0;138.0
-1;12000;BANANAS;4893;25;;;;;4900;25;;;;;4896.5;-918.39844
-1;12000;PEARLS;9995;25;;;;;10005;25;;;;;10000.0;138.0
-1;12100;BANANAS;4894;2;4893;20;;;4898;4;4900;22;;;4896.0;-904.52344
-1;12100;PEARLS;9996;2;9995;20;;;10002;3;10004;2;10005;20;9999.0;138.0
-1;12200;PEARLS;9998;10;9996;2;9995;26;10004;2;10005;26;;;10001.0;138.0
-1;12200;BANANAS;4894;12;4893;26;;;4900;28;;;;;4897.0;-914.72656
-1;12300;BANANAS;4893;24;;;;;4900;24;;;;;4896.5;-910.6094
-1;12300;PEARLS;9996;1;9995;23;;;10000;5;10004;1;10005;23;9998.0;138.0
-1;12400;BANANAS;4893;30;;;;;4899;1;4900;29;;;4896.0;-907.7578
-1;12400;PEARLS;9996;1;9995;29;;;10004;1;10005;29;;;10000.0;138.0
-1;12500;BANANAS;4892;31;;;;;4899;31;;;;;4895.5;-907.8281
-1;12500;PEARLS;10002;5;9996;2;9995;29;10004;2;10005;29;;;10003.0;138.0
-1;12600;PEARLS;9998;5;9996;1;9995;30;10004;1;10005;30;;;10001.0;148.0
-1;12600;BANANAS;4893;5;4892;31;;;4898;1;4899;30;;;4895.5;-903.53125
-1;12700;BANANAS;4892;31;;;;;4899;31;;;;;4895.5;-913.47656
-1;12700;PEARLS;9996;2;9995;29;;;10004;2;10005;29;;;10000.0;148.0
-1;12800;BANANAS;4892;31;;;;;4896;3;4898;31;;;4894.0;-916.7031
-1;12800;PEARLS;9996;1;9995;30;;;10002;3;10004;1;10005;30;9999.0;148.0
-1;12900;BANANAS;4892;24;;;;;4899;24;;;;;4895.5;-922.83594
-1;12900;PEARLS;9995;24;;;;;10005;24;;;;;10000.0;148.0
-1;13000;PEARLS;9995;27;;;;;10005;27;;;;;10000.0;148.0
-1;13000;BANANAS;4892;27;;;;;4899;27;;;;;4895.5;-920.66406
-1;13100;BANANAS;4892;30;;;;;4899;30;;;;;4895.5;-925.0469
-1;13100;PEARLS;9996;2;9995;28;;;10004;2;10005;28;;;10000.0;148.0
-1;13200;BANANAS;4892;28;;;;;4899;28;;;;;4895.5;-919.34375
-1;13200;PEARLS;9995;28;;;;;10005;28;;;;;10000.0;148.0
-1;13300;BANANAS;4898;1;4893;2;4892;26;4899;28;;;;;4898.5;-924.5156
-1;13300;PEARLS;9996;2;9995;26;;;10004;2;10005;26;;;10000.0;148.0
-1;13400;PEARLS;10002;1;9996;1;9995;25;10004;1;10005;25;;;10003.0;148.0
-1;13400;BANANAS;4893;26;;;;;4900;26;;;;;4896.5;-925.6406
-1;13500;BANANAS;4896;4;4893;30;;;4898;9;4900;30;;;4897.0;-932.9375
-1;13500;PEARLS;9996;1;9995;29;;;10002;9;10004;1;10005;29;9999.0;150.0
-1;13600;BANANAS;4893;25;;;;;4899;2;4900;23;;;4896.0;-928.0078
-1;13600;PEARLS;9996;2;9995;23;;;10004;2;10005;23;;;10000.0;150.0
-1;13700;BANANAS;4896;5;4893;30;;;4897;7;4899;30;;;4896.5;-928.9531
-1;13700;PEARLS;10000;2;9996;2;9995;28;10002;7;10004;2;10005;28;10001.0;150.0
-1;13800;PEARLS;9996;1;9995;24;;;10004;1;10005;24;;;10000.0;150.0
-1;13800;BANANAS;4893;25;;;;;4899;1;4900;24;;;4896.0;-909.64844
-1;13900;BANANAS;4893;20;;;;;4898;2;4900;20;;;4895.5;-898.0469
-1;13900;PEARLS;9995;20;;;;;10002;2;10005;20;;;9998.5;150.0
-1;14000;BANANAS;4899;1;4894;27;;;4900;27;;;;;4899.5;-898.22656
-1;14000;PEARLS;9996;1;9995;26;;;10004;1;10005;26;;;10000.0;150.0
-1;14100;BANANAS;4894;2;4893;22;;;4900;24;;;;;4897.0;-890.3594
-1;14100;PEARLS;10000;3;9996;2;9995;22;10004;2;10005;22;;;10002.0;150.0
-1;14200;BANANAS;4894;2;4893;22;;;4900;24;;;;;4897.0;-889.1094
-1;14200;PEARLS;9996;2;9995;22;;;10004;2;10005;22;;;10000.0;150.0
-1;14300;PEARLS;9996;2;9995;28;;;10004;2;10005;28;;;10000.0;150.0
-1;14300;BANANAS;4894;30;;;;;4900;30;;;;;4897.0;-903.6875
-1;14400;BANANAS;4895;9;4894;23;;;4901;23;;;;;4898.0;-897.0781
-1;14400;PEARLS;9998;9;9996;1;9995;22;10004;1;10005;22;;;10001.0;150.0
-1;14500;BANANAS;4893;23;;;;;4894;1;4900;23;;;4893.5;-904.33594
-1;14500;PEARLS;9996;1;9995;22;;;10000;2;10004;1;10005;22;9998.0;150.0
-1;14600;PEARLS;9995;21;;;;;10002;3;10005;21;;;9998.5;150.0
-1;14600;BANANAS;4893;21;;;;;4898;3;4900;21;;;4895.5;-846.2344
-1;14700;PEARLS;9998;5;9996;2;9995;24;10004;2;10005;24;;;10001.0;150.0
-1;14700;BANANAS;4894;5;4893;26;;;4900;26;;;;;4897.0;-845.6875
-1;14800;PEARLS;9996;2;9995;21;;;10004;2;10005;21;;;10000.0;150.0
-1;14800;BANANAS;4894;1;4893;21;;;4900;23;;;;;4897.0;-848.8125
-1;14900;BANANAS;4893;30;;;;;4898;8;4900;30;;;4895.5;-846.34375
-1;14900;PEARLS;9996;2;9995;28;;;10002;8;10004;2;10005;28;9999.0;150.0
-1;15000;PEARLS;9996;1;9995;22;;;10004;1;10005;22;;;10000.0;150.0
-1;15000;BANANAS;4893;23;;;;;4894;1;4900;23;;;4893.5;-842.0156
-1;15100;PEARLS;10002;1;9996;1;9995;25;10004;1;10005;25;;;10003.0;150.0
-1;15100;BANANAS;4899;1;4894;26;;;4900;1;4901;25;;;4899.5;-796.89844
-1;15200;PEARLS;9998;3;9996;2;9995;23;10000;4;10004;2;10005;23;9999.0;152.0
-1;15200;BANANAS;4896;3;4894;5;4893;23;4900;25;;;;;4898.0;-853.4219
-1;15300;BANANAS;4894;3;4893;24;;;4900;24;;;;;4897.0;-843.5156
-1;15300;PEARLS;9998;3;9996;2;9995;22;10004;2;10005;22;;;10001.0;152.0
-1;15400;PEARLS;9996;2;9995;24;;;10002;4;10004;2;10005;24;9999.0;152.0
-1;15400;BANANAS;4893;26;;;;;4897;4;4899;26;;;4895.0;-839.2656
-1;15500;PEARLS;9998;5;9995;20;;;10005;20;;;;;10001.5;152.0
-1;15500;BANANAS;4898;1;4893;5;4892;20;4899;20;;;;;4898.5;-842.1406
-1;15600;PEARLS;9996;1;9995;23;;;10004;1;10005;23;;;10000.0;152.0
-1;15600;BANANAS;4892;24;;;;;4899;24;;;;;4895.5;-901.41406
-1;15700;PEARLS;9996;2;9995;20;;;10004;2;10005;20;;;10000.0;152.0
-1;15700;BANANAS;4892;22;;;;;4899;22;;;;;4895.5;-917.8594
-1;15800;BANANAS;4893;9;4892;26;;;4899;26;;;;;4896.0;-916.2578
-1;15800;PEARLS;9998;5;9996;2;9995;24;10004;2;10005;24;;;10001.0;152.0
-1;15900;PEARLS;9998;10;9995;27;;;10005;27;;;;;10001.5;152.0
-1;15900;BANANAS;4893;10;4892;27;;;4899;27;;;;;4896.0;-924.8906
-1;16000;PEARLS;9996;2;9995;25;;;10002;7;10004;2;10005;25;9999.0;152.0
-1;16000;BANANAS;4892;27;;;;;4897;7;4899;27;;;4894.5;-935.0156
-1;16100;PEARLS;9998;4;9995;29;;;10005;29;;;;;10001.5;152.0
-1;16100;BANANAS;4894;4;4893;29;;;4900;29;;;;;4897.0;-930.2578
-1;16200;BANANAS;4893;21;;;;;4894;1;4900;21;;;4893.5;-930.09375
-1;16200;PEARLS;9995;21;;;;;10005;21;;;;;10000.0;152.0
-1;16300;PEARLS;9996;2;9995;29;;;10002;2;10004;2;10005;29;9999.0;152.0
-1;16300;BANANAS;4893;2;4892;29;;;4897;2;4899;31;;;4895.0;-872.4219
-1;16400;PEARLS;9996;2;9995;22;;;9998;1;10004;2;10005;22;9997.0;152.0
-1;16400;BANANAS;4893;24;;;;;4899;2;4900;22;;;4896.0;-877.6797
-1;16500;PEARLS;9996;2;9995;25;;;10004;2;10005;25;;;10000.0;154.0
-1;16500;BANANAS;4893;27;;;;;4900;27;;;;;4896.5;-876.10156
-1;16600;BANANAS;4893;25;;;;;4899;2;4900;23;;;4896.0;-880.2422
-1;16600;PEARLS;9996;2;9995;23;;;10004;2;10005;23;;;10000.0;154.0
-1;16700;PEARLS;10002;3;9996;1;9995;23;10004;1;10005;23;;;10003.0;154.0
-1;16700;BANANAS;4893;23;;;;;4900;24;;;;;4896.5;-874.46875
-1;16800;PEARLS;9996;2;9995;30;;;10002;5;10004;2;10005;30;9999.0;154.0
-1;16800;BANANAS;4893;32;;;;;4898;5;4900;32;;;4895.5;-866.1953
-1;16900;PEARLS;9996;1;9995;23;;;10004;1;10005;23;;;10000.0;154.0
-1;16900;BANANAS;4894;1;4893;23;;;4900;24;;;;;4897.0;-867.58594
-1;17000;BANANAS;4893;23;;;;;4900;23;;;;;4896.5;-866.6328
-1;17000;PEARLS;9995;23;;;;;10005;23;;;;;10000.0;154.0
-1;17100;PEARLS;9998;6;9996;1;9995;30;10004;1;10005;30;;;10001.0;154.0
-1;17100;BANANAS;4894;6;4893;30;;;4900;31;;;;;4897.0;-878.625
-1;17200;PEARLS;9998;6;9996;2;9995;24;10004;2;10005;24;;;10001.0;154.0
-1;17200;BANANAS;4894;6;4893;26;;;4900;26;;;;;4897.0;-883.14844
-1;17300;PEARLS;9995;28;;;;;9998;1;10002;3;10005;28;9996.5;154.0
-1;17300;BANANAS;4894;28;;;;;4895;2;4898;3;4900;28;4894.5;-893.5625
-1;17400;BANANAS;4893;25;;;;;4900;25;;;;;4896.5;-899.84375
-1;17400;PEARLS;9996;1;9995;24;;;10004;1;10005;24;;;10000.0;156.0
-1;17500;PEARLS;9996;1;9995;23;;;10004;1;10005;23;;;10000.0;156.0
-1;17500;BANANAS;4899;11;4894;24;;;4900;1;4901;23;;;4899.5;-906.71094
-1;17600;PEARLS;9995;27;;;;;10005;27;;;;;10000.0;156.0
-1;17600;BANANAS;4894;27;;;;;4901;27;;;;;4897.5;-890.5078
-1;17700;PEARLS;9996;1;9995;23;;;10004;1;10005;23;;;10000.0;156.0
-1;17700;BANANAS;4894;24;;;;;4901;24;;;;;4897.5;-884.4922
-1;17800;BANANAS;4894;23;;;;;4901;23;;;;;4897.5;-878.4219
-1;17800;PEARLS;9995;23;;;;;10005;23;;;;;10000.0;156.0
-1;17900;PEARLS;9998;8;9996;1;9995;29;10004;1;10005;29;;;10001.0;156.0
-1;17900;BANANAS;4895;9;4894;29;;;4901;30;;;;;4898.0;-877.625
-1;18000;PEARLS;9998;7;9996;2;9995;26;10004;2;10005;26;;;10001.0;156.0
-1;18000;BANANAS;4896;7;4895;28;;;4901;28;;;;;4898.5;-879.25
-1;18100;PEARLS;9995;21;;;;;10005;21;;;;;10000.0;156.0
-1;18100;BANANAS;4895;21;;;;;4902;21;;;;;4898.5;-885.1094
-1;18200;BANANAS;4900;1;4895;1;4894;23;4901;24;;;;;4900.5;-886.4219
-1;18200;PEARLS;9996;1;9995;23;;;10004;1;10005;23;;;10000.0;156.0
-1;18300;PEARLS;9996;2;9995;27;;;10004;2;10005;27;;;10000.0;156.0
-1;18300;BANANAS;4894;29;;;;;4901;29;;;;;4897.5;-916.58594
-1;18400;PEARLS;9996;1;9995;29;;;10004;1;10005;29;;;10000.0;156.0
-1;18400;BANANAS;4894;30;;;;;4900;1;4901;29;;;4897.0;-929.5547
-1;18500;PEARLS;9998;3;9996;2;9995;30;10004;2;10005;30;;;10001.0;156.0
-1;18500;BANANAS;4894;5;4893;30;;;4900;32;;;;;4897.0;-929.3203
-1;18600;BANANAS;4894;1;4893;30;;;4898;10;4900;31;;;4896.0;-931.7422
-1;18600;PEARLS;9996;1;9995;30;;;10002;9;10004;1;10005;30;9999.0;156.0
-1;18700;BANANAS;4894;27;;;;;4900;2;4901;25;;;4897.0;-928.9531
-1;18700;PEARLS;10002;9;9996;2;9995;25;10004;2;10005;25;;;10003.0;156.0
-1;18800;PEARLS;9996;2;9995;22;;;10004;2;10005;22;;;10000.0;156.0
-1;18800;BANANAS;4895;24;;;;;4901;24;;;;;4898.0;-936.47656
-1;18900;BANANAS;4894;28;;;;;4901;28;;;;;4897.5;-941.96875
-1;18900;PEARLS;9996;1;9995;27;;;10004;1;10005;27;;;10000.0;156.0
-1;19000;BANANAS;4894;24;;;;;4899;7;4901;25;;;4896.5;-932.4453
-1;19000;PEARLS;9995;25;;;;;10002;7;10005;25;;;9998.5;156.0
-1;19100;PEARLS;9996;1;9995;28;;;10000;5;10004;1;10005;28;9998.0;156.0
-1;19100;BANANAS;4894;29;;;;;4900;1;4901;28;;;4897.0;-930.0781
-1;19200;PEARLS;9996;1;9995;28;;;10002;7;10004;1;10005;28;9999.0;156.0
-1;19200;BANANAS;4894;29;;;;;4899;7;4900;1;4901;28;4896.5;-935.4531
-1;19300;PEARLS;9996;2;9995;30;;;10004;2;10005;30;;;10000.0;156.0
-1;19300;BANANAS;4894;2;4893;30;;;4900;32;;;;;4897.0;-940.9844
-1;19400;BANANAS;4894;21;;;;;4899;3;4900;1;4901;20;4896.5;-951.08594
-1;19400;PEARLS;9996;1;9995;20;;;10002;3;10004;1;10005;20;9999.0;156.0
-1;19500;PEARLS;9996;2;9995;20;;;10004;2;10005;20;;;10000.0;156.0
-1;19500;BANANAS;4894;22;;;;;4900;2;4901;20;;;4897.0;-949.1875
-1;19600;PEARLS;9996;2;9995;29;;;10004;2;10005;29;;;10000.0;156.0
-1;19600;BANANAS;4894;31;;;;;4900;2;4901;29;;;4897.0;-951.7969
-1;19700;PEARLS;9996;1;9995;24;;;10002;2;10004;1;10005;24;9999.0;156.0
-1;19700;BANANAS;4894;1;4893;24;;;4898;2;4900;25;;;4896.0;-951.375
-1;19800;BANANAS;4893;20;;;;;4900;20;;;;;4896.5;-953.1094
-1;19800;PEARLS;10002;4;9995;20;;;10005;20;;;;;10003.5;156.0
-1;19900;PEARLS;9996;1;9995;27;;;10004;1;10005;27;;;10000.0;156.0
-1;19900;BANANAS;4893;28;;;;;4899;1;4900;27;;;4896.0;-950.0156
-1;20000;PEARLS;9996;1;9995;28;;;10002;4;10004;1;10005;28;9999.0;156.0
-1;20000;BANANAS;4893;29;;;;;4898;4;4899;1;4900;28;4895.5;-958.46094
-1;20100;PEARLS;9998;9;9996;2;9995;29;10004;2;10005;29;;;10001.0;156.0
-1;20100;BANANAS;4893;12;4892;29;;;4899;31;;;;;4896.0;-950.8906
-1;20200;BANANAS;4893;29;;;;;4900;29;;;;;4896.5;-952.6094
-1;20200;PEARLS;9995;29;;;;;10005;29;;;;;10000.0;156.0
-1;20300;BANANAS;4893;23;;;;;4899;23;;;;;4896.0;-944.9844
-1;20300;PEARLS;9996;2;9995;21;;;10004;2;10005;21;;;10000.0;156.0
-1;20400;PEARLS;9995;24;;;;;10005;24;;;;;10000.0;156.0
-1;20400;BANANAS;4892;24;;;;;4899;24;;;;;4895.5;-949.875
-1;20500;BANANAS;4892;30;;;;;4899;30;;;;;4895.5;-951.34375
-1;20500;PEARLS;9995;30;;;;;10005;30;;;;;10000.0;156.0
-1;20600;BANANAS;4892;23;;;;;4899;23;;;;;4895.5;-971.90625
-1;20600;PEARLS;9996;2;9995;21;;;10004;2;10005;21;;;10000.0;156.0
-1;20700;BANANAS;4892;31;;;;;4893;1;4897;6;4898;1;4892.5;-968.0
-1;20700;PEARLS;9996;1;9995;30;;;10002;6;10004;1;10005;30;9999.0;156.0
-1;20800;PEARLS;9996;2;9995;23;;;10004;2;10005;23;;;10000.0;156.0
-1;20800;BANANAS;4896;1;4891;25;;;4898;25;;;;;4897.0;-926.9844
-1;20900;BANANAS;4891;24;;;;;4898;24;;;;;4894.5;-979.3828
-1;20900;PEARLS;9996;1;9995;23;;;10004;1;10005;23;;;10000.0;156.0
-1;21000;BANANAS;4891;27;;;;;4892;3;4898;27;;;4891.5;-985.89844
-1;21000;PEARLS;9995;27;;;;;10005;27;;;;;10000.0;156.0
-1;21100;BANANAS;4891;3;4890;28;;;4897;30;;;;;4894.0;-813.40625
-1;21100;PEARLS;9998;1;9996;2;9995;28;10004;2;10005;28;;;10001.0;156.0
-1;21200;PEARLS;9995;23;;;;;10005;23;;;;;10000.0;156.0
-1;21200;BANANAS;4890;23;;;;;4897;23;;;;;4893.5;-805.9297
-1;21300;BANANAS;4891;28;;;;;4897;29;;;;;4894.0;-807.2344
-1;21300;PEARLS;9995;29;;;;;10005;29;;;;;10000.0;156.0
-1;21400;BANANAS;4891;30;;;;;4898;30;;;;;4894.5;-814.5625
-1;21400;PEARLS;9995;30;;;;;10005;30;;;;;10000.0;156.0
-1;21500;BANANAS;4896;4;4892;2;4891;22;4898;24;;;;;4897.0;-806.9922
-1;21500;PEARLS;9996;2;9995;22;;;10004;2;10005;22;;;10000.0;156.0
-1;21600;PEARLS;10002;1;9995;29;;;10005;29;;;;;10003.5;156.0
-1;21600;BANANAS;4895;2;4892;29;;;4899;29;;;;;4897.0;-816.14844
-1;21700;BANANAS;4892;31;;;;;4897;10;4899;31;;;4894.5;-806.5469
-1;21700;PEARLS;9996;1;9995;30;;;10002;10;10004;1;10005;30;9999.0;158.0
-1;21800;BANANAS;4893;6;4892;28;;;4899;29;;;;;4896.0;-809.89844
-1;21800;PEARLS;9998;6;9996;1;9995;28;10004;1;10005;28;;;10001.0;158.0
-1;21900;BANANAS;4893;2;4892;28;;;4899;30;;;;;4896.0;-804.5625
-1;21900;PEARLS;9996;2;9995;28;;;10004;2;10005;28;;;10000.0;158.0
-1;22000;PEARLS;9996;1;9995;23;;;10000;2;10004;1;10005;23;9998.0;158.0
-1;22000;BANANAS;4891;23;;;;;4898;24;;;;;4894.5;-799.4219
-1;22100;BANANAS;4892;24;;;;;4898;2;4899;23;;;4895.0;-804.72656
-1;22100;PEARLS;9996;2;9995;23;;;10004;2;10005;23;;;10000.0;158.0
-1;22200;BANANAS;4892;28;;;;;4897;4;4898;1;4899;27;4894.5;-810.96875
-1;22200;PEARLS;9996;1;9995;27;;;10002;4;10004;1;10005;27;9999.0;158.0
-1;22300;BANANAS;4892;30;;;;;4898;30;;;;;4895.0;-815.41406
-1;22300;PEARLS;9996;1;9995;29;;;10004;1;10005;29;;;10000.0;158.0
-1;22400;PEARLS;10002;2;9996;2;9995;24;10004;2;10005;24;;;10003.0;158.0
-1;22400;BANANAS;4891;26;;;;;4898;26;;;;;4894.5;-813.3203
-1;22500;BANANAS;4891;27;;;;;4898;27;;;;;4894.5;-816.6406
-1;22500;PEARLS;10002;6;9995;27;;;10005;27;;;;;10003.5;158.0
-1;22600;BANANAS;4891;27;;;;;4896;9;4897;1;4898;26;4893.5;-815.64844
-1;22600;PEARLS;9996;1;9995;26;;;10002;9;10004;1;10005;26;9999.0;158.0
-1;22700;BANANAS;4891;28;;;;;4898;28;;;;;4894.5;-822.0625
-1;22700;PEARLS;9995;28;;;;;10005;28;;;;;10000.0;158.0
-1;22800;PEARLS;9996;1;9995;29;;;9998;3;10004;1;10005;29;9997.0;158.0
-1;22800;BANANAS;4892;1;4891;29;;;4898;30;;;;;4895.0;-809.83594
-1;22900;BANANAS;4892;2;4891;24;;;4898;26;;;;;4895.0;-811.34375
-1;22900;PEARLS;9996;2;9995;24;;;9998;1;10004;2;10005;24;9997.0;164.0
-1;23000;BANANAS;4892;3;4891;26;;;4897;2;4898;24;;;4894.5;-819.47656
-1;23000;PEARLS;9998;3;9996;2;9995;24;10004;2;10005;24;;;10001.0;166.0
-1;23100;BANANAS;4891;24;;;;;4896;10;4897;1;4898;23;4893.5;-816.97656
-1;23100;PEARLS;9996;1;9995;23;;;10002;10;10004;1;10005;23;9999.0;166.0
-1;23200;BANANAS;4891;26;;;;;4896;10;4898;26;;;4893.5;-813.8281
-1;23200;PEARLS;9995;26;;;;;9998;1;10002;10;10005;26;9996.5;166.0
-1;23300;PEARLS;9995;22;;;;;10005;22;;;;;10000.0;168.0
-1;23300;BANANAS;4891;22;;;;;4897;22;;;;;4894.0;-807.16406
-1;23400;BANANAS;4892;6;4891;21;;;4898;21;;;;;4895.0;-807.6719
-1;23400;PEARLS;9998;6;9995;21;;;10005;21;;;;;10001.5;168.0
-1;23500;BANANAS;4894;2;4891;28;;;4898;28;;;;;4896.0;-805.4219
-1;23500;PEARLS;9996;2;9995;26;;;10004;2;10005;26;;;10000.0;168.0
-1;23600;PEARLS;9995;21;;;;;10002;6;10005;21;;;9998.5;168.0
-1;23600;BANANAS;4890;21;;;;;4895;3;4897;21;;;4892.5;-810.6797
-1;23700;PEARLS;9995;24;;;;;10005;24;;;;;10000.0;168.0
-1;23700;BANANAS;4890;24;;;;;4897;24;;;;;4893.5;-803.0469
-1;23800;PEARLS;9996;2;9995;21;;;10004;2;10005;21;;;10000.0;168.0
-1;23800;BANANAS;4891;23;;;;;4897;2;4898;21;;;4894.0;-805.0781
-1;23900;BANANAS;4896;1;4891;20;;;4897;20;;;;;4896.5;-800.8281
-1;23900;PEARLS;9995;20;;;;;10005;20;;;;;10000.0;168.0
-1;24000;PEARLS;9996;1;9995;22;;;10002;6;10004;1;10005;22;9999.0;168.0
-1;24000;BANANAS;4891;1;4890;22;;;4895;6;4897;23;;;4893.0;-844.96875
-1;24100;PEARLS;9996;2;9995;24;;;10004;2;10005;24;;;10000.0;168.0
-1;24100;BANANAS;4890;26;;;;;4897;26;;;;;4893.5;-837.2344
-1;24200;PEARLS;9998;4;9996;2;9995;25;10004;2;10005;25;;;10001.0;168.0
-1;24200;BANANAS;4896;1;4892;5;4891;27;4897;27;;;;;4896.5;-824.25
-1;24300;BANANAS;4891;2;4890;21;;;4897;23;;;;;4894.0;-859.3125
-1;24300;PEARLS;10002;6;9996;2;9995;21;10004;2;10005;21;;;10003.0;168.0
-1;24400;PEARLS;9995;25;;;;;10005;25;;;;;10000.0;180.0
-1;24400;BANANAS;4890;25;;;;;4897;25;;;;;4893.5;-853.59375
-1;24500;PEARLS;9995;21;;;;;9998;2;10002;7;10005;21;9996.5;180.0
-1;24500;BANANAS;4894;4;4890;21;;;4895;7;4897;21;;;4894.5;-869.2344
-1;24600;PEARLS;9996;1;9995;26;;;10004;1;10005;26;;;10000.0;184.0
-1;24600;BANANAS;4890;27;;;;;4896;27;;;;;4893.0;-863.08594
-1;24700;PEARLS;9996;2;9995;20;;;10004;2;10005;20;;;10000.0;184.0
-1;24700;BANANAS;4890;22;;;;;4896;2;4897;20;;;4893.0;-864.9453
-1;24800;BANANAS;4889;28;;;;;4896;28;;;;;4892.5;-861.40625
-1;24800;PEARLS;9996;2;9995;26;;;10004;2;10005;26;;;10000.0;184.0
-1;24900;PEARLS;9998;5;9996;2;9995;28;10004;2;10005;28;;;10001.0;184.0
-1;24900;BANANAS;4890;7;4889;28;;;4896;30;;;;;4893.0;-851.9922
-1;25000;PEARLS;9996;1;9995;26;;;10002;1;10004;1;10005;26;9999.0;184.0
-1;25000;BANANAS;4889;27;;;;;4894;1;4896;27;;;4891.5;-854.1797
-1;25100;PEARLS;9995;23;;;;;10005;23;;;;;10000.0;184.0
-1;25100;BANANAS;4892;6;4889;23;;;4896;23;;;;;4894.0;-788.8906
-1;25200;BANANAS;4890;25;;;;;4896;26;;;;;4893.0;-796.28125
-1;25200;PEARLS;9996;2;9995;24;;;10004;2;10005;24;;;10000.0;184.0
-1;25300;PEARLS;9996;2;9995;24;;;10002;1;10004;2;10005;24;9999.0;184.0
-1;25300;BANANAS;4890;2;4889;24;;;4894;1;4896;26;;;4892.0;-789.16406
-1;25400;PEARLS;9998;2;9996;2;9995;30;10004;2;10005;30;;;10001.0;184.0
-1;25400;BANANAS;4890;2;4889;32;;;4896;32;;;;;4893.0;-747.3672
-1;25500;PEARLS;9998;3;9996;2;9995;23;10004;2;10005;23;;;10001.0;184.0
-1;25500;BANANAS;4890;3;4889;25;;;4896;25;;;;;4893.0;-753.125
-1;25600;BANANAS;4894;1;4889;31;;;4895;31;;;;;4894.5;-754.72656
-1;25600;PEARLS;9996;1;9995;30;;;10004;1;10005;30;;;10000.0;184.0
-1;25700;PEARLS;9996;1;9995;22;;;10004;1;10005;22;;;10000.0;184.0
-1;25700;BANANAS;4889;23;;;;;4895;1;4896;22;;;4892.0;-753.8828
-1;25800;PEARLS;9996;1;9995;27;;;10004;1;10005;27;;;10000.0;184.0
-1;25800;BANANAS;4889;28;;;;;4895;28;;;;;4892.0;-751.84375
-1;25900;PEARLS;9995;28;;;;;10005;28;;;;;10000.0;184.0
-1;25900;BANANAS;4888;28;;;;;4895;28;;;;;4891.5;-750.4453
-1;26000;BANANAS;4888;24;;;;;4893;7;4895;24;;;4890.5;-752.52344
-1;26000;PEARLS;9995;24;;;;;10002;7;10005;24;;;9998.5;184.0
-1;26100;PEARLS;9995;25;;;;;10002;7;10005;25;;;9998.5;184.0
-1;26100;BANANAS;4888;25;;;;;4893;7;4895;25;;;4890.5;-370.0
-1;26200;PEARLS;9996;1;9995;25;;;10004;1;10005;25;;;10000.0;184.0
-1;26200;BANANAS;4888;26;;;;;4894;1;4895;25;;;4891.0;16.154297
-1;26300;PEARLS;9995;24;;;;;10005;24;;;;;10000.0;184.0
-1;26300;BANANAS;4888;24;;;;;4895;24;;;;;4891.5;70.725586
-1;26400;BANANAS;4888;28;;;;;4895;29;;;;;4891.5;70.49121
-1;26400;PEARLS;10002;3;9995;29;;;10005;29;;;;;10003.5;184.0
-1;26500;PEARLS;9996;1;9995;23;;;10002;4;10004;1;10005;23;9999.0;184.0
-1;26500;BANANAS;4888;24;;;;;4893;3;4895;24;;;4890.5;71.0
-1;26600;PEARLS;10002;3;9998;1;9996;1;10004;1;10005;21;;;10003.0;184.0
-1;26600;BANANAS;4889;1;4888;22;;;4894;1;4895;21;;;4891.5;236.4375
-1;26700;PEARLS;9995;24;;;;;10000;6;10005;24;;;9997.5;184.0
-1;26700;BANANAS;4888;24;;;;;4895;24;;;;;4891.5;290.3623
-1;26800;BANANAS;4888;24;;;;;4895;24;;;;;4891.5;291.0244
-1;26800;PEARLS;9995;24;;;;;10005;24;;;;;10000.0;184.0
-1;26900;PEARLS;9995;27;;;;;9998;1;10002;5;10005;27;9996.5;184.0
-1;26900;BANANAS;4888;27;;;;;4893;5;4895;27;;;4890.5;290.5752
-1;27000;PEARLS;9996;1;9995;30;;;10002;7;10004;1;10005;30;9999.0;186.0
-1;27000;BANANAS;4889;31;;;;;4894;7;4895;31;;;4891.5;568.4844
-1;27100;PEARLS;9996;2;9995;22;;;10002;7;10004;2;10005;22;9999.0;186.0
-1;27100;BANANAS;4889;2;4888;22;;;4893;7;4895;24;;;4891.0;950.5781
-1;27200;BANANAS;4893;3;4890;2;4889;31;4895;31;;;;;4894.0;952.4531
-1;27200;PEARLS;9998;2;9996;2;9995;29;10004;2;10005;29;;;10001.0;186.0
-1;27300;PEARLS;10000;5;9996;2;9995;25;10004;2;10005;25;;;10002.0;186.0
-1;27300;BANANAS;4889;27;;;;;4895;27;;;;;4892.0;958.34375
-1;27400;PEARLS;9996;1;9995;24;;;10004;1;10005;24;;;10000.0;186.0
-1;27400;BANANAS;4889;25;;;;;4895;25;;;;;4892.0;956.84375
-1;27500;BANANAS;4888;26;;;;;4890;1;4893;10;4895;26;4889.0;952.8047
-1;27500;PEARLS;9996;2;9995;24;;;10002;10;10004;2;10005;24;9999.0;186.0
-1;27600;BANANAS;4888;23;;;;;4895;23;;;;;4891.5;1011.27344
-1;27600;PEARLS;9996;1;9995;22;;;9998;1;10004;1;10005;22;9997.0;186.0
-1;27700;BANANAS;4888;26;;;;;4895;26;;;;;4891.5;1018.1719
-1;27700;PEARLS;9996;2;9995;24;;;10004;2;10005;24;;;10000.0;188.0
-1;27800;PEARLS;9995;28;;;;;10005;28;;;;;10000.0;188.0
-1;27800;BANANAS;4888;28;;;;;4895;28;;;;;4891.5;1030.9219
-1;27900;PEARLS;9996;1;9995;25;;;9998;4;10004;1;10005;25;9997.0;188.0
-1;27900;BANANAS;4888;26;;;;;4894;1;4895;25;;;4891.0;1028.3203
-1;28000;BANANAS;4888;24;;;;;4893;9;4894;24;;;4890.5;1071.8438
-1;28000;PEARLS;9995;24;;;;;10002;9;10005;24;;;9998.5;196.0
-1;28100;PEARLS;9995;22;;;;;10005;22;;;;;10000.0;196.0
-1;28100;BANANAS;4888;22;;;;;4895;22;;;;;4891.5;1066.4688
-1;28200;PEARLS;9996;1;9995;29;;;10004;1;10005;29;;;10000.0;196.0
-1;28200;BANANAS;4888;1;4887;29;;;4894;30;;;;;4891.0;1072.9219
-1;28300;PEARLS;9996;1;9995;23;;;10002;7;10004;1;10005;23;9999.0;196.0
-1;28300;BANANAS;4888;24;;;;;4892;7;4894;24;;;4890.0;1077.2422
-1;28400;BANANAS;4887;21;;;;;4892;9;4894;21;;;4889.5;1086.9609
-1;28400;PEARLS;9995;21;;;;;10002;9;10005;21;;;9998.5;196.0
-1;28500;PEARLS;9996;1;9995;30;;;10004;1;10005;30;;;10000.0;196.0
-1;28500;BANANAS;4892;1;4887;31;;;4894;31;;;;;4893.0;1092.875
-1;28600;PEARLS;9998;7;9996;2;9995;29;10004;2;10005;29;;;10001.0;196.0
-1;28600;BANANAS;4888;6;4887;31;;;4894;31;;;;;4891.0;1105.0312
-1;28700;PEARLS;9996;1;9995;24;;;10004;1;10005;24;;;10000.0;196.0
-1;28700;BANANAS;4887;25;;;;;4893;1;4894;24;;;4890.0;1112.2891
-1;28800;BANANAS;4887;2;4886;20;;;4893;22;;;;;4890.0;1175.5234
-1;28800;PEARLS;9996;2;9995;20;;;10004;2;10005;20;;;10000.0;196.0
-1;28900;PEARLS;9995;22;;;;;10005;22;;;;;10000.0;196.0
-1;28900;BANANAS;4887;22;;;;;4894;22;;;;;4890.5;1189.4688
-1;29000;PEARLS;9995;24;;;;;10005;24;;;;;10000.0;196.0
-1;29000;BANANAS;4887;24;;;;;4894;24;;;;;4890.5;1192.7891
-1;29100;BANANAS;4888;9;4887;31;;;4893;2;4894;29;;;4890.5;1194.875
-1;29100;PEARLS;9998;9;9996;2;9995;29;10004;2;10005;29;;;10001.0;196.0
-1;29200;BANANAS;4887;20;;;;;4892;4;4894;20;;;4889.5;1323.8203
-1;29200;PEARLS;9995;20;;;;;10002;3;10005;20;;;9998.5;196.0
-1;29300;BANANAS;4887;25;;;;;4888;1;4894;25;;;4887.5;1314.8125
-1;29300;PEARLS;9995;25;;;;;10005;25;;;;;10000.0;196.0
-1;29400;PEARLS;9996;1;9995;23;;;10004;1;10005;23;;;10000.0;196.0
-1;29400;BANANAS;4892;4;4888;1;4887;23;4894;24;;;;;4893.0;1375.8281
-1;29500;BANANAS;4888;24;;;;;4894;24;;;;;4891.0;1371.8594
-1;29500;PEARLS;10002;1;9996;2;9995;22;10004;2;10005;22;;;10003.0;196.0
-1;29600;BANANAS;4887;20;;;;;4894;20;;;;;4890.5;1375.1172
-1;29600;PEARLS;9995;20;;;;;9998;1;10005;20;;;9996.5;198.0
-1;29700;BANANAS;4888;27;;;;;4894;27;;;;;4891.0;1377.4219
-1;29700;PEARLS;9996;1;9995;26;;;10004;1;10005;26;;;10000.0;200.0
-1;29800;PEARLS;9998;7;9996;1;9995;29;10004;1;10005;29;;;10001.0;200.0
-1;29800;BANANAS;4888;7;4887;30;;;4894;30;;;;;4891.0;1365.6875
-1;29900;BANANAS;4888;8;4887;27;;;4894;27;;;;;4891.0;1376.0781
-1;29900;PEARLS;9998;8;9996;1;9995;26;10000;2;10004;1;10005;26;9999.0;200.0
-1;30000;BANANAS;4887;21;;;;;4892;6;4894;21;;;4889.5;1381.2422
-1;30000;PEARLS;9996;1;9995;20;;;10002;7;10004;1;10005;20;9999.0;200.0
-1;30100;BANANAS;4887;22;;;;;4894;22;;;;;4890.5;1361.9688
-1;30100;PEARLS;9995;22;;;;;10000;5;10005;22;;;9997.5;200.0
-1;30200;PEARLS;9996;2;9995;22;;;10004;2;10005;22;;;10000.0;200.0
-1;30200;BANANAS;4887;24;;;;;4890;2;4894;24;;;4888.5;1366.3906
-1;30300;BANANAS;4888;2;4887;28;;;4892;7;4894;30;;;4890.0;1358.8281
-1;30300;PEARLS;9996;2;9995;28;;;10002;7;10004;2;10005;28;9999.0;200.0
-1;30400;BANANAS;4888;2;4887;21;;;4894;23;;;;;4891.0;1349.1562
-1;30400;PEARLS;9996;2;9995;21;;;10004;2;10005;21;;;10000.0;200.0
-1;30500;BANANAS;4887;29;;;;;4893;1;4894;28;;;4890.0;1341.3984
-1;30500;PEARLS;9996;1;9995;28;;;10004;1;10005;28;;;10000.0;200.0
-1;30600;PEARLS;9995;30;;;;;10005;30;;;;;10000.0;200.0
-1;30600;BANANAS;4886;30;;;;;4893;30;;;;;4889.5;1357.2578
-1;30700;BANANAS;4891;3;4887;23;;;4893;23;;;;;4892.0;1351.6875
-1;30700;PEARLS;9996;1;9995;22;;;10004;1;10005;22;;;10000.0;200.0
-1;30800;BANANAS;4887;29;;;;;4893;29;;;;;4890.0;1357.7812
-1;30800;PEARLS;9995;29;;;;;10005;29;;;;;10000.0;200.0
-1;30900;BANANAS;4887;2;4886;23;;;4893;23;;;;;4890.0;1360.1641
-1;30900;PEARLS;9998;2;9995;23;;;10005;23;;;;;10001.5;200.0
-1;31000;PEARLS;9995;20;;;;;10005;20;;;;;10000.0;200.0
-1;31000;BANANAS;4887;20;;;;;4894;20;;;;;4890.5;1379.6562
-1;31100;BANANAS;4887;22;;;;;4893;22;;;;;4890.0;1382.5781
-1;31100;PEARLS;9996;1;9995;21;;;10004;1;10005;21;;;10000.0;200.0
-1;31200;BANANAS;4887;1;4886;27;;;4893;29;;;;;4890.0;1378.2656
-1;31200;PEARLS;9996;2;9995;27;;;10004;2;10005;27;;;10000.0;200.0
-1;31300;BANANAS;4886;30;;;;;4893;30;;;;;4889.5;1386.125
-1;31300;PEARLS;9995;30;;;;;10005;30;;;;;10000.0;200.0
-1;31400;PEARLS;9996;2;9995;30;;;10004;2;10005;30;;;10000.0;200.0
-1;31400;BANANAS;4887;32;;;;;4894;32;;;;;4890.5;1399.0234
-1;31500;BANANAS;4887;23;;;;;4888;1;4894;23;;;4887.5;1400.625
-1;31500;PEARLS;9995;23;;;;;10005;23;;;;;10000.0;200.0
-1;31600;BANANAS;4889;2;4888;32;;;4894;32;;;;;4891.5;1408.9453
-1;31600;PEARLS;9998;2;9996;2;9995;30;10004;2;10005;30;;;10001.0;200.0
-1;31700;BANANAS;4887;29;;;;;4892;2;4894;29;;;4889.5;1401.875
-1;31700;PEARLS;9995;29;;;;;9998;4;10002;2;10005;29;9996.5;200.0
-1;31800;PEARLS;9995;21;;;;;10005;21;;;;;10000.0;208.0
-1;31800;BANANAS;4887;21;;;;;4894;21;;;;;4890.5;1391.9375
-1;31900;BANANAS;4888;11;4887;27;;;4894;29;;;;;4891.0;1400.625
-1;31900;PEARLS;9998;9;9996;2;9995;27;10004;2;10005;27;;;10001.0;208.0
-1;32000;BANANAS;4887;30;;;;;4893;30;;;;;4890.0;1400.6875
-1;32000;PEARLS;9996;1;9995;29;;;10000;3;10004;1;10005;29;9998.0;208.0
-1;32100;BANANAS;4887;31;;;;;4894;31;;;;;4890.5;1405.4062
-1;32100;PEARLS;9996;1;9995;30;;;10004;1;10005;30;;;10000.0;208.0
-1;32200;BANANAS;4887;1;4886;25;;;4891;6;4893;26;;;4889.0;1401.2578
-1;32200;PEARLS;9996;1;9995;25;;;10002;7;10004;1;10005;25;9999.0;208.0
-1;32300;PEARLS;9996;1;9995;25;;;10002;6;10004;1;10005;25;9999.0;208.0
-1;32300;BANANAS;4886;26;;;;;4891;7;4892;1;4893;25;4888.5;1394.1406
-1;32400;PEARLS;9996;2;9995;27;;;10002;1;10004;2;10005;27;9999.0;208.0
-1;32400;BANANAS;4886;1;4885;27;;;4890;1;4892;29;;;4888.0;1390.8281
-1;32500;BANANAS;4890;1;4885;25;;;4892;25;;;;;4891.0;1387.2656
-1;32500;PEARLS;9996;2;9995;23;;;10004;2;10005;23;;;10000.0;208.0
-1;32600;PEARLS;9995;30;;;;;10005;30;;;;;10000.0;208.0
-1;32600;BANANAS;4885;30;;;;;4892;30;;;;;4888.5;1384.9375
-1;32700;PEARLS;10002;1;9996;1;9995;26;10004;1;10005;26;;;10003.0;208.0
-1;32700;BANANAS;4886;27;;;;;4892;27;;;;;4889.0;1381.6797
-1;32800;PEARLS;9995;23;;;;;10005;23;;;;;10000.0;210.0
-1;32800;BANANAS;4885;23;;;;;4892;23;;;;;4888.5;1376.0
-1;32900;BANANAS;4886;1;4885;23;;;4890;1;4892;24;;;4888.0;1379.7031
-1;32900;PEARLS;9996;1;9995;23;;;10002;1;10004;1;10005;23;9999.0;210.0
-1;33000;PEARLS;10002;1;9996;1;9995;27;10004;1;10005;27;;;10003.0;210.0
-1;33000;BANANAS;4885;28;;;;;4892;28;;;;;4888.5;1372.4531
-1;33100;PEARLS;9995;24;;;;;10005;24;;;;;10000.0;212.0
-1;33100;BANANAS;4884;24;;;;;4891;24;;;;;4887.5;1352.25
-1;33200;PEARLS;9995;25;;;;;10002;9;10005;25;;;9998.5;212.0
-1;33200;BANANAS;4884;25;;;;;4889;9;4891;25;;;4886.5;1352.9375
-1;33300;BANANAS;4885;26;;;;;4890;7;4891;2;4892;24;4887.5;1363.0781
-1;33300;PEARLS;9996;2;9995;24;;;10002;7;10004;2;10005;24;9999.0;212.0
-1;33400;PEARLS;9995;27;;;;;10005;27;;;;;10000.0;212.0
-1;33400;BANANAS;4885;27;;;;;4892;27;;;;;4888.5;1370.4609
-1;33500;PEARLS;9998;10;9995;25;;;10005;25;;;;;10001.5;212.0
-1;33500;BANANAS;4886;10;4885;25;;;4892;25;;;;;4889.0;1376.4062
-1;33600;PEARLS;9995;27;;;;;10005;27;;;;;10000.0;212.0
-1;33600;BANANAS;4884;27;;;;;4885;1;4891;27;;;4884.5;1372.5703
-1;33700;PEARLS;9998;7;9996;1;9995;22;10004;1;10005;22;;;10001.0;212.0
-1;33700;BANANAS;4885;2;4884;22;;;4891;23;;;;;4888.0;1364.2344
-1;33800;BANANAS;4884;26;;;;;4891;26;;;;;4887.5;1352.0625
-1;33800;PEARLS;10002;1;9995;26;;;10005;26;;;;;10003.5;212.0
-1;33900;PEARLS;9995;24;;;;;10005;24;;;;;10000.0;214.0
-1;33900;BANANAS;4884;24;;;;;4891;24;;;;;4887.5;1351.7188
-1;34000;PEARLS;10002;1;9996;1;9995;24;10004;1;10005;24;;;10003.0;214.0
-1;34000;BANANAS;4889;1;4885;1;4884;24;4891;25;;;;;4890.0;1350.5
-1;34100;PEARLS;9996;1;9995;26;;;10004;1;10005;26;;;10000.0;216.0
-1;34100;BANANAS;4884;26;;;;;4885;7;4891;27;;;4884.5;1357.9844
-1;34200;BANANAS;4885;1;4884;26;;;4891;27;;;;;4888.0;1369.5312
-1;34200;PEARLS;9996;1;9995;26;;;10004;1;10005;26;;;10000.0;216.0
-1;34300;PEARLS;9996;2;9995;20;;;10004;2;10005;20;;;10000.0;216.0
-1;34300;BANANAS;4885;1;4884;20;;;4891;22;;;;;4888.0;1359.4375
-1;34400;PEARLS;9996;2;9995;23;;;10004;2;10005;23;;;10000.0;216.0
-1;34400;BANANAS;4884;24;;;;;4890;2;4891;23;;;4887.0;1356.6406
-1;34500;PEARLS;9995;25;;;;;10002;2;10005;25;;;9998.5;216.0
-1;34500;BANANAS;4884;25;;;;;4889;2;4891;25;;;4886.5;1350.6641
-1;34600;BANANAS;4884;22;;;;;4891;22;;;;;4887.5;1353.5781
-1;34600;PEARLS;9995;22;;;;;10005;22;;;;;10000.0;216.0
-1;34700;PEARLS;9995;29;;;;;9998;5;10005;29;;;9996.5;216.0
-1;34700;BANANAS;4884;29;;;;;4891;29;;;;;4887.5;1357.1172
-1;34800;PEARLS;10002;1;10000;2;9995;24;10005;24;;;;;10003.5;226.0
-1;34800;BANANAS;4884;24;;;;;4887;6;4891;24;;;4885.5;1355.7656
-1;34900;PEARLS;9996;2;9995;22;;;10004;2;10005;22;;;10000.0;228.0
-1;34900;BANANAS;4884;23;;;;;4891;24;;;;;4887.5;1361.3203
-1;35000;BANANAS;4885;2;4884;20;;;4889;10;4891;22;;;4887.0;1355.5547
-1;35000;PEARLS;9996;2;9995;20;;;10002;10;10004;2;10005;20;9999.0;228.0
-1;35100;PEARLS;9996;1;9995;25;;;10004;1;10005;25;;;10000.0;228.0
-1;35100;BANANAS;4884;26;;;;;4890;26;;;;;4887.0;1366.9531
-1;35200;PEARLS;9995;24;;;;;10005;24;;;;;10000.0;228.0
-1;35200;BANANAS;4883;24;;;;;4884;1;4890;24;;;4883.5;1374.3672
-1;35300;PEARLS;9998;9;9995;24;;;10005;24;;;;;10001.5;228.0
-1;35300;BANANAS;4884;9;4883;24;;;4890;24;;;;;4887.0;1384.1016
-1;35400;BANANAS;4883;22;;;;;4890;22;;;;;4886.5;1393.5312
-1;35400;PEARLS;9995;22;;;;;10005;22;;;;;10000.0;228.0
-1;35500;PEARLS;10002;5;9995;25;;;10005;25;;;;;10003.5;228.0
-1;35500;BANANAS;4883;24;;;;;4890;25;;;;;4886.5;1393.7344
-1;35600;PEARLS;9998;10;9996;1;9995;26;10004;1;10005;26;;;10001.0;238.0
-1;35600;BANANAS;4884;9;4883;27;;;4889;27;;;;;4886.5;1375.9297
-1;35700;PEARLS;10002;1;9996;1;9995;26;10004;1;10005;26;;;10003.0;238.0
-1;35700;BANANAS;4883;27;;;;;4888;1;4889;1;4890;26;4885.5;1393.6875
-1;35800;BANANAS;4883;30;;;;;4889;30;;;;;4886.0;1383.4688
-1;35800;PEARLS;9996;2;9995;28;;;10004;2;10005;28;;;10000.0;240.0
-1;35900;PEARLS;9996;1;9995;29;;;10002;3;10004;1;10005;29;9999.0;240.0
-1;35900;BANANAS;4883;30;;;;;4884;4;4887;3;4889;30;4883.5;1379.1797
-1;36000;PEARLS;9995;28;;;;;9998;1;10005;28;;;9996.5;240.0
-1;36000;BANANAS;4883;28;;;;;4890;28;;;;;4886.5;1391.4531
-1;36100;PEARLS;9995;26;;;;;9998;4;10005;26;;;9996.5;242.0
-1;36100;BANANAS;4883;26;;;;;4890;26;;;;;4886.5;1392.7969
-1;36200;BANANAS;4884;30;;;;;4889;3;4890;1;4891;29;4886.5;1394.0703
-1;36200;PEARLS;9996;1;9995;29;;;10002;3;10004;1;10005;29;9999.0;250.0
-1;36300;PEARLS;9995;22;;;;;9998;1;10005;22;;;9996.5;250.0
-1;36300;BANANAS;4884;21;;;;;4890;22;;;;;4887.0;1403.6406
-1;36400;PEARLS;9996;1;9995;27;;;10002;5;10004;1;10005;27;9999.0;252.0
-1;36400;BANANAS;4884;28;;;;;4888;5;4890;28;;;4886.0;1388.5859
-1;36500;BANANAS;4884;27;;;;;4889;10;4891;27;;;4886.5;1394.8906
-1;36500;PEARLS;9996;1;9995;26;;;10002;10;10004;1;10005;26;9999.0;252.0
-1;36600;BANANAS;4885;1;4884;21;;;4891;21;;;;;4888.0;1381.4688
-1;36600;PEARLS;10002;4;9998;1;9995;21;10005;21;;;;;10003.5;252.0
-1;36700;BANANAS;4889;11;4884;30;;;4891;30;;;;;4890.0;1378.5312
-1;36700;PEARLS;10002;1;9995;30;;;10005;30;;;;;10003.5;260.0
-1;36800;PEARLS;10002;1;9996;1;9995;26;10004;1;10005;26;;;10003.0;262.0
-1;36800;BANANAS;4884;27;;;;;4887;2;4891;27;;;4885.5;1389.9297
-1;36900;PEARLS;9996;2;9995;29;;;10002;3;10004;2;10005;29;9999.0;264.0
-1;36900;BANANAS;4884;31;;;;;4889;3;4890;2;4891;29;4886.5;1393.1641
-1;37000;BANANAS;4886;2;4884;4;4883;23;4890;23;;;;;4888.0;1395.9219
-1;37000;PEARLS;9998;4;9995;23;;;10005;23;;;;;10001.5;264.0
-1;37100;PEARLS;9996;1;9995;23;;;10004;1;10005;23;;;10000.0;264.0
-1;37100;BANANAS;4889;1;4884;24;;;4890;1;4891;23;;;4889.5;1386.3438
-1;37200;PEARLS;9998;2;9995;22;;;10005;22;;;;;10001.5;264.0
-1;37200;BANANAS;4885;3;4884;22;;;4891;22;;;;;4888.0;1388.1094
-1;37300;PEARLS;10002;5;9995;27;;;10005;27;;;;;10003.5;264.0
-1;37300;BANANAS;4883;27;;;;;4888;7;4890;27;;;4885.5;1382.5312
-1;37400;BANANAS;4883;23;;;;;4889;23;;;;;4886.0;1377.2969
-1;37400;PEARLS;9996;1;9995;22;;;10004;1;10005;22;;;10000.0;274.0
-1;37500;PEARLS;10002;1;9998;2;9995;29;10005;29;;;;;10003.5;274.0
-1;37500;BANANAS;4888;1;4883;2;4882;29;4889;29;;;;;4888.5;1386.4453
-1;37600;PEARLS;9996;2;9995;24;;;10004;2;10005;24;;;10000.0;276.0
-1;37600;BANANAS;4883;26;;;;;4889;2;4890;24;;;4886.0;1385.6719
-1;37700;PEARLS;9996;1;9995;28;;;10004;1;10005;28;;;10000.0;276.0
-1;37700;BANANAS;4888;1;4883;29;;;4889;1;4890;28;;;4888.5;1389.0234
-1;37800;BANANAS;4883;29;;;;;4889;2;4890;27;;;4886.0;1385.6562
-1;37800;PEARLS;9996;2;9995;27;;;10004;2;10005;27;;;10000.0;276.0
-1;37900;BANANAS;4882;29;;;;;4884;2;4889;29;;;4883.0;1393.2734
-1;37900;PEARLS;9996;2;9995;27;;;10000;3;10004;2;10005;27;9998.0;276.0
-1;38000;PEARLS;9995;25;;;;;10002;5;10005;25;;;9998.5;276.0
-1;38000;BANANAS;4882;25;;;;;4887;5;4889;25;;;4884.5;1380.375
-1;38100;BANANAS;4883;27;;;;;4890;28;;;;;4886.5;1370.5078
-1;38100;PEARLS;9995;28;;;;;10005;28;;;;;10000.0;276.0
-1;38200;BANANAS;4884;5;4883;23;;;4890;23;;;;;4887.0;1368.5625
-1;38200;PEARLS;9995;23;;;;;9998;2;10005;23;;;9996.5;276.0
-1;38300;BANANAS;4883;27;;;;;4890;27;;;;;4886.5;1355.75
-1;38300;PEARLS;9996;1;9995;26;;;10004;1;10005;26;;;10000.0;280.0
-1;38400;PEARLS;10002;1;9995;21;;;10005;21;;;;;10003.5;280.0
-1;38400;BANANAS;4883;20;;;;;4890;21;;;;;4886.5;1357.3281
-1;38500;BANANAS;4888;1;4883;25;;;4889;2;4890;23;;;4888.5;1360.7812
-1;38500;PEARLS;10002;1;9996;2;9995;23;10004;2;10005;23;;;10003.0;282.0
-1;38600;BANANAS;4883;27;;;;;4890;27;;;;;4886.5;1359.1094
-1;38600;PEARLS;10002;5;9995;27;;;10005;27;;;;;10003.5;284.0
-1;38700;BANANAS;4884;30;;;;;4890;1;4891;29;;;4887.0;1361.5234
-1;38700;PEARLS;9996;1;9995;29;;;10004;1;10005;29;;;10000.0;284.0
-1;38800;PEARLS;9995;27;;;;;10005;27;;;;;10000.0;284.0
-1;38800;BANANAS;4884;27;;;;;4891;27;;;;;4887.5;1361.9609
-1;38900;BANANAS;4884;26;;;;;4889;4;4891;26;;;4886.5;1380.7188
-1;38900;PEARLS;9996;1;9995;25;;;10004;1;10005;25;;;10000.0;284.0
-1;39000;BANANAS;4884;29;;;;;4890;29;;;;;4887.0;1385.3828
-1;39000;PEARLS;9995;29;;;;;10005;29;;;;;10000.0;284.0
-1;39100;BANANAS;4884;1;4883;29;;;4888;10;4890;30;;;4886.0;1372.7969
-1;39100;PEARLS;9996;1;9995;29;;;10002;10;10004;1;10005;29;9999.0;284.0
-1;39200;PEARLS;9995;24;;;;;10005;24;;;;;10000.0;284.0
-1;39200;BANANAS;4888;1;4883;24;;;4889;24;;;;;4888.5;1378.5859
-1;39300;BANANAS;4884;3;4883;27;;;4889;1;4890;26;;;4886.5;1366.5703
-1;39300;PEARLS;9998;3;9996;1;9995;26;10004;1;10005;26;;;10001.0;284.0
-1;39400;BANANAS;4884;29;;;;;4891;29;;;;;4887.5;1376.9922
-1;39400;PEARLS;9996;2;9995;27;;;10004;2;10005;27;;;10000.0;284.0
-1;39500;BANANAS;4884;22;;;;;4890;2;4891;20;;;4887.0;1389.6484
-1;39500;PEARLS;9996;2;9995;20;;;10004;2;10005;20;;;10000.0;284.0
-1;39600;PEARLS;9995;22;;;;;10005;22;;;;;10000.0;284.0
-1;39600;BANANAS;4884;22;;;;;4890;22;;;;;4887.0;1377.2812
-1;39700;BANANAS;4883;20;;;;;4890;20;;;;;4886.5;1376.4219
-1;39700;PEARLS;9995;20;;;;;10005;20;;;;;10000.0;284.0
-1;39800;BANANAS;4883;31;;;;;4888;3;4890;31;;;4885.5;1371.3984
-1;39800;PEARLS;9996;1;9995;30;;;10002;3;10004;1;10005;30;9999.0;284.0
-1;39900;BANANAS;4884;3;4883;30;;;4890;32;;;;;4887.0;1367.5078
-1;39900;PEARLS;9998;1;9996;2;9995;30;10004;2;10005;30;;;10001.0;284.0
-1;40000;PEARLS;9998;9;9996;1;9995;30;10004;1;10005;30;;;10001.0;284.0
-1;40000;BANANAS;4888;5;4884;9;4883;31;4890;31;;;;;4889.0;1361.2422
-1;40100;BANANAS;4883;27;;;;;4890;27;;;;;4886.5;1365.7656
-1;40100;PEARLS;10002;1;9995;27;;;10005;27;;;;;10003.5;284.0
-1;40200;BANANAS;4884;23;;;;;4889;7;4890;1;4891;22;4886.5;1367.7812
-1;40200;PEARLS;9996;1;9995;22;;;10002;7;10004;1;10005;22;9999.0;284.0
-1;40300;BANANAS;4884;25;;;;;4890;25;;;;;4887.0;1361.75
-1;40300;PEARLS;9996;1;9995;24;;;10000;4;10004;1;10005;24;9998.0;284.0
-1;40400;PEARLS;9996;1;9995;20;;;10002;10;10004;1;10005;20;9999.0;284.0
-1;40400;BANANAS;4884;21;;;;;4889;10;4891;21;;;4886.5;1342.4375
-1;40500;BANANAS;4884;24;;;;;4887;2;4891;24;;;4885.5;1341.2109
-1;40500;PEARLS;9995;24;;;;;10005;24;;;;;10000.0;284.0
-1;40600;BANANAS;4884;2;4883;24;;;4890;26;;;;;4887.0;1335.1719
-1;40600;PEARLS;9996;2;9995;24;;;9998;7;10004;2;10005;24;9997.0;284.0
-1;40700;BANANAS;4883;26;;;;;4890;26;;;;;4886.5;1351.1797
-1;40700;PEARLS;9996;2;9995;24;;;10004;2;10005;24;;;10000.0;298.0
-1;40800;PEARLS;9995;29;;;;;10005;29;;;;;10000.0;298.0
-1;40800;BANANAS;4883;29;;;;;4890;29;;;;;4886.5;1350.1094
-1;40900;PEARLS;9995;22;;;;;10005;22;;;;;10000.0;298.0
-1;40900;BANANAS;4883;22;;;;;4890;22;;;;;4886.5;1353.7656
-1;41000;BANANAS;4884;27;;;;;4886;4;4890;22;;;4885.0;1347.5938
-1;41000;PEARLS;9998;5;9995;22;;;10005;22;;;;;10001.5;298.0
-1;41100;BANANAS;4884;23;;;;;4890;1;4891;22;;;4887.0;1328.75
-1;41100;PEARLS;9996;1;9995;22;;;10004;1;10005;22;;;10000.0;298.0
-1;41200;BANANAS;4884;26;;;;;4891;26;;;;;4887.5;1326.9688
-1;41200;PEARLS;9996;1;9995;25;;;9998;8;10004;1;10005;25;9997.0;298.0
-1;41300;PEARLS;9996;1;9995;20;;;10000;6;10002;2;10004;1;9998.0;314.0
-1;41300;BANANAS;4884;21;;;;;4889;2;4891;21;;;4886.5;1312.6875
-1;41400;PEARLS;9995;23;;;;;10005;23;;;;;10000.0;314.0
-1;41400;BANANAS;4884;23;;;;;4885;1;4887;4;4891;23;4884.5;1321.8359
-1;41500;BANANAS;4886;6;4885;30;;;4892;30;;;;;4889.0;1325.1094
-1;41500;PEARLS;9998;5;9995;30;;;10005;30;;;;;10001.5;314.0
-1;41600;PEARLS;9996;1;9995;27;;;9998;5;10004;1;10005;27;9997.0;314.0
-1;41600;BANANAS;4885;1;4884;27;;;4891;28;;;;;4888.0;1338.9922
-1;41700;PEARLS;9995;20;;;;;10005;20;;;;;10000.0;324.0
-1;41700;BANANAS;4884;20;;;;;4891;20;;;;;4887.5;1335.2812
-1;41800;PEARLS;9996;2;9995;28;;;10002;3;10004;2;10005;28;9999.0;324.0
-1;41800;BANANAS;4885;30;;;;;4890;3;4891;2;4892;28;4887.5;1333.6562
-1;41900;BANANAS;4886;4;4885;30;;;4892;30;;;;;4889.0;1347.5469
-1;41900;PEARLS;9998;4;9996;2;9995;28;10004;2;10005;28;;;10001.0;324.0
-1;42000;PEARLS;9996;2;9995;28;;;10004;2;10005;28;;;10000.0;324.0
-1;42000;BANANAS;4886;30;;;;;4892;30;;;;;4889.0;1351.3984
-1;42100;PEARLS;9995;24;;;;;10005;24;;;;;10000.0;324.0
-1;42100;BANANAS;4886;24;;;;;4893;24;;;;;4889.5;1352.5156
-1;42200;PEARLS;9995;26;;;;;10002;4;10005;26;;;9998.5;324.0
-1;42200;BANANAS;4887;26;;;;;4892;4;4894;26;;;4889.5;1354.0547
-1;42300;BANANAS;4892;1;4887;24;;;4894;24;;;;;4893.0;1350.0312
-1;42300;PEARLS;10000;4;9995;24;;;10005;24;;;;;10002.5;324.0
-1;42400;BANANAS;4886;25;;;;;4893;25;;;;;4889.5;1342.3906
-1;42400;PEARLS;9996;1;9995;24;;;9998;5;10004;1;10005;24;9997.0;324.0
-1;42500;PEARLS;9996;2;9995;22;;;10004;2;10005;22;;;10000.0;334.0
-1;42500;BANANAS;4886;23;;;;;4893;24;;;;;4889.5;1341.75
-1;42600;PEARLS;9995;25;;;;;10002;10;10005;25;;;9998.5;334.0
-1;42600;BANANAS;4886;25;;;;;4890;10;4892;25;;;4888.0;1337.1016
-1;42700;PEARLS;9996;2;9995;20;;;10004;2;10005;20;;;10000.0;334.0
-1;42700;BANANAS;4886;21;;;;;4893;22;;;;;4889.5;1327.6875
-1;42800;BANANAS;4886;23;;;;;4892;23;;;;;4889.0;1322.3359
-1;42800;PEARLS;9995;23;;;;;10005;23;;;;;10000.0;334.0
-1;42900;PEARLS;9995;22;;;;;10005;22;;;;;10000.0;334.0
-1;42900;BANANAS;4885;22;;;;;4892;22;;;;;4888.5;1317.5156
-1;43000;PEARLS;10002;7;9996;1;9995;24;10004;1;10005;24;;;10003.0;334.0
-1;43000;BANANAS;4885;25;;;;;4891;1;4892;24;;;4888.0;1305.9844
-1;43100;PEARLS;9996;2;9995;23;;;10002;3;10004;2;10005;23;9999.0;348.0
-1;43100;BANANAS;4886;25;;;;;4890;3;4892;25;;;4888.0;1304.9922
-1;43200;BANANAS;4886;28;;;;;4892;1;4893;27;;;4889.0;1310.9766
-1;43200;PEARLS;9996;1;9995;27;;;10000;1;10004;1;10005;27;9998.0;348.0
-1;43300;PEARLS;9995;20;;;;;10005;20;;;;;10000.0;348.0
-1;43300;BANANAS;4887;20;;;;;4894;20;;;;;4890.5;1303.2656
-1;43400;PEARLS;9996;2;9995;27;;;10002;8;10004;2;10005;27;9999.0;348.0
-1;43400;BANANAS;4887;28;;;;;4892;8;4893;2;4894;27;4889.5;1305.1641
-1;43500;PEARLS;9996;1;9995;23;;;10002;10;10004;1;10005;23;9999.0;348.0
-1;43500;BANANAS;4887;24;;;;;4891;10;4893;24;;;4889.0;1301.0312
-1;43600;BANANAS;4886;21;;;;;4891;1;4893;21;;;4888.5;1294.4922
-1;43600;PEARLS;9995;21;;;;;10002;1;10005;21;;;9998.5;348.0
-1;43700;PEARLS;9996;2;9995;26;;;10004;2;10005;26;;;10000.0;348.0
-1;43700;BANANAS;4885;28;;;;;4892;28;;;;;4888.5;1294.9297
-1;43800;PEARLS;9995;25;;;;;9998;1;10005;25;;;9996.5;348.0
-1;43800;BANANAS;4886;25;;;;;4893;25;;;;;4889.5;1282.0312
-1;43900;PEARLS;9995;28;;;;;10005;28;;;;;10000.0;350.0
-1;43900;BANANAS;4886;28;;;;;4893;28;;;;;4889.5;1284.6172
-1;44000;BANANAS;4887;1;4886;25;;;4889;6;4893;26;;;4888.0;1280.2734
-1;44000;PEARLS;10002;4;9996;1;9995;25;10004;1;10005;25;;;10003.0;350.0
-1;44100;PEARLS;9996;2;9995;28;;;10004;2;10005;28;;;10000.0;358.0
-1;44100;BANANAS;4886;30;;;;;4887;1;4893;30;;;4886.5;1276.0312
-1;44200;PEARLS;9998;4;9996;2;9995;20;10004;2;10005;20;;;10001.0;358.0
-1;44200;BANANAS;4887;6;4886;20;;;4893;22;;;;;4890.0;1276.0859
-1;44300;PEARLS;9996;1;9995;24;;;10004;1;10005;24;;;10000.0;358.0
-1;44300;BANANAS;4887;25;;;;;4894;25;;;;;4890.5;1288.9453
-1;44400;BANANAS;4887;30;;;;;4893;1;4894;29;;;4890.0;1287.0625
-1;44400;PEARLS;9996;1;9995;29;;;10004;1;10005;29;;;10000.0;358.0
-1;44500;PEARLS;9996;1;9995;26;;;10004;1;10005;26;;;10000.0;358.0
-1;44500;BANANAS;4886;27;;;;;4893;27;;;;;4889.5;1291.1328
-1;44600;PEARLS;9995;23;;;;;10005;23;;;;;10000.0;358.0
-1;44600;BANANAS;4886;23;;;;;4893;23;;;;;4889.5;1286.2578
-1;44700;PEARLS;9996;1;9995;23;;;10002;9;10004;1;10005;23;9999.0;358.0
-1;44700;BANANAS;4886;24;;;;;4891;9;4893;24;;;4888.5;1277.4219
-1;44800;BANANAS;4887;24;;;;;4892;10;4893;2;4894;22;4889.5;1275.1875
-1;44800;PEARLS;9996;2;9995;22;;;10002;10;10004;2;10005;22;9999.0;358.0
-1;44900;PEARLS;9995;26;;;;;10002;6;10005;26;;;9998.5;358.0
-1;44900;BANANAS;4887;26;;;;;4892;6;4894;26;;;4889.5;1280.7891
-1;45000;PEARLS;9996;1;9995;26;;;10004;1;10005;26;;;10000.0;358.0
-1;45000;BANANAS;4887;27;;;;;4894;27;;;;;4890.5;1283.5859
-1;45100;PEARLS;9996;2;9995;25;;;9998;1;10004;2;10005;25;9997.0;358.0
-1;45100;BANANAS;4887;27;;;;;4894;27;;;;;4890.5;1281.5703
-1;45200;BANANAS;4888;27;;;;;4895;27;;;;;4891.5;1292.3906
-1;45200;PEARLS;9995;27;;;;;10005;27;;;;;10000.0;360.0
-1;45300;BANANAS;4888;28;;;;;4894;1;4895;28;;;4891.0;1292.3516
-1;45300;PEARLS;9996;1;9995;28;;;9998;1;10004;1;10005;28;9997.0;360.0
-1;45400;PEARLS;9996;1;9995;27;;;10004;1;10005;27;;;10000.0;362.0
-1;45400;BANANAS;4888;28;;;;;4894;28;;;;;4891.0;1304.6484
-1;45500;BANANAS;4888;24;;;;;4895;24;;;;;4891.5;1298.5156
-1;45500;PEARLS;9996;1;9995;23;;;10004;1;10005;23;;;10000.0;362.0
-1;45600;BANANAS;4894;1;4889;1;4888;24;4895;25;;;;;4894.5;1298.0469
-1;45600;PEARLS;9996;1;9995;24;;;10004;1;10005;24;;;10000.0;362.0
-1;45700;PEARLS;10002;4;9995;30;;;10005;30;;;;;10003.5;362.0
-1;45700;BANANAS;4888;30;;;;;4895;30;;;;;4891.5;1295.3828
-1;45800;PEARLS;9996;2;9995;24;;;10004;2;10005;24;;;10000.0;370.0
-1;45800;BANANAS;4890;2;4889;24;;;4896;26;;;;;4893.0;1295.125
-1;45900;PEARLS;9996;1;9995;21;;;10002;1;10004;1;10005;21;9999.0;370.0
-1;45900;BANANAS;4890;22;;;;;4895;1;4897;22;;;4892.5;1298.0078
-1;46000;BANANAS;4890;27;;;;;4897;27;;;;;4893.5;1300.6406
-1;46000;PEARLS;9996;2;9995;25;;;9998;5;10004;2;10005;25;9997.0;370.0
-1;46100;PEARLS;9996;2;9995;25;;;10004;2;10005;25;;;10000.0;380.0
-1;46100;BANANAS;4891;26;;;;;4897;2;4898;25;;;4894.0;1294.3281
-1;46200;PEARLS;9995;28;;;;;10005;28;;;;;10000.0;380.0
-1;46200;BANANAS;4890;28;;;;;4892;2;4897;28;;;4891.0;1283.1875
-1;46300;PEARLS;9996;1;9995;22;;;10004;1;10005;22;;;10000.0;380.0
-1;46300;BANANAS;4896;1;4890;23;;;4897;23;;;;;4896.5;1277.7422
-1;46400;BANANAS;4890;26;;;;;4897;26;;;;;4893.5;1221.4844
-1;46400;PEARLS;9995;26;;;;;10005;26;;;;;10000.0;380.0
-1;46500;PEARLS;9996;2;9995;23;;;10002;5;10004;2;10005;23;9999.0;380.0
-1;46500;BANANAS;4890;25;;;;;4891;1;4895;5;4897;25;4890.5;1220.2656
-1;46600;PEARLS;9996;2;9995;21;;;10002;2;10004;2;10005;21;9999.0;380.0
-1;46600;BANANAS;4893;4;4890;23;;;4895;2;4897;23;;;4894.0;1278.2969
-1;46700;PEARLS;9996;1;9995;22;;;10004;1;10005;22;;;10000.0;380.0
-1;46700;BANANAS;4889;23;;;;;4896;23;;;;;4892.5;1275.4844
-1;46800;BANANAS;4891;5;4890;23;;;4896;1;4897;22;;;4893.5;1282.1484
-1;46800;PEARLS;9998;4;9996;1;9995;22;10004;1;10005;22;;;10001.0;380.0
-1;46900;BANANAS;4895;1;4890;2;4889;26;4896;28;;;;;4895.5;1278.5625
-1;46900;PEARLS;9996;2;9995;26;;;10004;2;10005;26;;;10000.0;380.0
-1;47000;PEARLS;9995;20;;;;;10002;8;10005;20;;;9998.5;380.0
-1;47000;BANANAS;4889;20;;;;;4894;8;4896;20;;;4891.5;1265.9297
-1;47100;BANANAS;4890;4;4889;24;;;4896;24;;;;;4893.0;1276.0234
-1;47100;PEARLS;9998;5;9995;24;;;10005;24;;;;;10001.5;380.0
-1;47200;BANANAS;4895;1;4889;29;;;4896;29;;;;;4895.5;1283.0938
-1;47200;PEARLS;9995;29;;;;;10005;29;;;;;10000.0;380.0
-1;47300;BANANAS;4890;24;;;;;4896;24;;;;;4893.0;1280.3203
-1;47300;PEARLS;9995;24;;;;;10005;24;;;;;10000.0;380.0
-1;47400;PEARLS;9996;2;9995;24;;;10002;5;10004;2;10005;24;9999.0;380.0
-1;47400;BANANAS;4890;26;;;;;4894;5;4896;26;;;4892.0;1287.3906
-1;47500;BANANAS;4890;28;;;;;4896;28;;;;;4893.0;1265.125
-1;47500;PEARLS;9995;28;;;;;10005;28;;;;;10000.0;380.0
-1;47600;BANANAS;4889;21;;;;;4896;21;;;;;4892.5;1261.3984
-1;47600;PEARLS;9995;21;;;;;10005;21;;;;;10000.0;380.0
-1;47700;BANANAS;4890;24;;;;;4896;1;4897;23;;;4893.0;1246.9219
-1;47700;PEARLS;9996;1;9995;23;;;9998;1;10004;1;10005;23;9997.0;380.0
-1;47800;PEARLS;9995;22;;;;;9998;1;10002;8;10005;22;9996.5;382.0
-1;47800;BANANAS;4890;22;;;;;4895;8;4897;22;;;4892.5;1247.0703
-1;47900;BANANAS;4891;1;4890;21;;;4897;21;;;;;4894.0;1244.9062
-1;47900;PEARLS;9998;1;9995;21;;;10005;21;;;;;10001.5;384.0
-1;48000;BANANAS;4891;3;4890;29;;;4897;29;;;;;4894.0;1243.7891
-1;48000;PEARLS;9998;3;9996;2;9995;27;10004;2;10005;27;;;10001.0;384.0
-1;48100;BANANAS;4890;29;;;;;4897;29;;;;;4893.5;1242.8281
-1;48100;PEARLS;9995;29;;;;;10005;29;;;;;10000.0;384.0
-1;48200;PEARLS;9996;1;9995;25;;;10004;1;10005;25;;;10000.0;384.0
-1;48200;BANANAS;4890;26;;;;;4897;26;;;;;4893.5;1238.3281
-1;48300;BANANAS;4895;1;4890;29;;;4897;29;;;;;4896.0;1236.1406
-1;48300;PEARLS;9995;29;;;;;10005;29;;;;;10000.0;384.0
-1;48400;BANANAS;4895;1;4889;22;;;4896;22;;;;;4895.5;1228.2031
-1;48400;PEARLS;9995;22;;;;;10005;22;;;;;10000.0;384.0
-1;48500;BANANAS;4889;25;;;;;4896;25;;;;;4892.5;1228.5859
-1;48500;PEARLS;9995;25;;;;;10005;25;;;;;10000.0;384.0
-1;48600;PEARLS;9996;2;9995;20;;;10002;4;10004;2;10005;20;9999.0;384.0
-1;48600;BANANAS;4889;22;;;;;4894;4;4896;22;;;4891.5;1228.4062
-1;48700;BANANAS;4889;21;;;;;4896;21;;;;;4892.5;1218.75
-1;48700;PEARLS;10002;2;9995;21;;;10005;21;;;;;10003.5;384.0
-1;48800;BANANAS;4891;10;4890;31;;;4896;31;;;;;4893.5;1232.3594
-1;48800;PEARLS;9998;10;9996;2;9995;29;10004;2;10005;29;;;10001.0;388.0
-1;48900;BANANAS;4891;2;4890;25;;;4896;1;4897;24;;;4893.5;1221.8359
-1;48900;PEARLS;9998;3;9996;1;9995;24;10004;1;10005;24;;;10001.0;388.0
-1;49000;PEARLS;9995;29;;;;;10005;29;;;;;10000.0;388.0
-1;49000;BANANAS;4890;29;;;;;4897;29;;;;;4893.5;1217.0625
-1;49100;BANANAS;4891;3;4890;26;;;4897;26;;;;;4894.0;1206.3203
-1;49100;PEARLS;9998;3;9995;26;;;10005;26;;;;;10001.5;388.0
-1;49200;BANANAS;4890;25;;;;;4897;25;;;;;4893.5;1188.0156
-1;49200;PEARLS;9996;2;9995;23;;;10004;2;10005;23;;;10000.0;388.0
-1;49300;BANANAS;4896;1;4891;29;;;4897;29;;;;;4896.5;1185.4531
-1;49300;PEARLS;9995;29;;;;;10005;29;;;;;10000.0;388.0
-1;49400;PEARLS;9998;5;9996;1;9995;21;10004;1;10005;21;;;10001.0;388.0
-1;49400;BANANAS;4897;1;4892;5;4891;22;4898;22;;;;;4897.5;1146.8594
-1;49500;BANANAS;4891;23;;;;;4897;23;;;;;4894.0;1108.25
-1;49500;PEARLS;9995;23;;;;;10005;23;;;;;10000.0;388.0
-1;49600;BANANAS;4890;22;;;;;4897;22;;;;;4893.5;1105.3125
-1;49600;PEARLS;9995;22;;;;;10005;22;;;;;10000.0;388.0
-1;49700;BANANAS;4891;2;4890;22;;;4895;9;4897;24;;;4893.0;1113.8281
-1;49700;PEARLS;9996;2;9995;22;;;10002;8;10004;2;10005;22;9999.0;388.0
-1;49800;BANANAS;4890;22;;;;;4897;22;;;;;4893.5;1115.9688
-1;49800;PEARLS;9996;1;9995;21;;;9998;1;10004;1;10005;21;9997.0;388.0
-1;49900;PEARLS;9996;2;9995;20;;;10004;2;10005;20;;;10000.0;390.0
-1;49900;BANANAS;4890;22;;;;;4895;1;4896;2;4897;20;4892.5;1113.5859
-1;50000;BANANAS;4892;1;4889;30;;;4896;30;;;;;4894.0;1102.9141
-1;50000;PEARLS;9996;1;9995;29;;;10004;1;10005;29;;;10000.0;390.0
-1;50100;BANANAS;4889;32;;;;;4896;32;;;;;4892.5;1111.6641
-1;50100;PEARLS;9996;2;9995;30;;;10004;2;10005;30;;;10000.0;390.0
-1;50200;PEARLS;9998;1;9996;2;9995;23;10004;2;10005;23;;;10001.0;390.0
-1;50200;BANANAS;4891;1;4890;25;;;4896;25;;;;;4893.5;1122.875
-1;50300;PEARLS;9996;1;9995;25;;;10002;5;10004;1;10005;25;9999.0;390.0
-1;50300;BANANAS;4890;26;;;;;4895;6;4896;1;4897;25;4892.5;1127.0625
-1;50400;PEARLS;10002;4;9996;1;9995;29;10004;1;10005;29;;;10003.0;390.0
-1;50400;BANANAS;4890;30;;;;;4897;30;;;;;4893.5;1123.3281
-1;50500;BANANAS;4890;29;;;;;4897;29;;;;;4893.5;1127.1719
-1;50500;PEARLS;10002;4;9996;1;9995;28;10004;1;10005;28;;;10003.0;398.0
-1;50600;PEARLS;9996;1;9995;23;;;10004;1;10005;23;;;10000.0;406.0
-1;50600;BANANAS;4895;1;4890;24;;;4896;1;4897;23;;;4895.5;1129.0156
-1;50700;PEARLS;9995;25;;;;;10002;3;10005;25;;;9998.5;406.0
-1;50700;BANANAS;4890;25;;;;;4891;1;4895;3;4897;25;4890.5;1126.5703
-1;50800;PEARLS;9995;24;;;;;9998;1;10002;6;10005;24;9996.5;406.0
-1;50800;BANANAS;4890;24;;;;;4895;6;4897;24;;;4892.5;1179.1875
-1;50900;BANANAS;4890;27;;;;;4897;27;;;;;4893.5;1175.0781
-1;50900;PEARLS;9996;1;9995;26;;;10004;1;10005;26;;;10000.0;408.0
-1;51000;PEARLS;9996;2;9995;22;;;10004;2;10005;22;;;10000.0;408.0
-1;51000;BANANAS;4890;24;;;;;4896;2;4897;22;;;4893.0;1181.2656
-1;51100;PEARLS;9996;1;9995;26;;;10004;1;10005;26;;;10000.0;408.0
-1;51100;BANANAS;4891;27;;;;;4897;27;;;;;4894.0;1174.5469
-1;51200;PEARLS;9996;2;9995;30;;;10004;2;10005;30;;;10000.0;408.0
-1;51200;BANANAS;4890;32;;;;;4897;32;;;;;4893.5;1159.3516
-1;51300;PEARLS;9996;2;9995;23;;;10004;2;10005;23;;;10000.0;408.0
-1;51300;BANANAS;4891;25;;;;;4897;25;;;;;4894.0;1162.9062
-1;51400;BANANAS;4891;23;;;;;4897;23;;;;;4894.0;1163.6562
-1;51400;PEARLS;9995;23;;;;;10005;23;;;;;10000.0;408.0
-1;51500;PEARLS;9996;2;9995;20;;;10004;2;10005;20;;;10000.0;408.0
-1;51500;BANANAS;4891;22;;;;;4897;2;4898;20;;;4894.0;1170.0781
-1;51600;PEARLS;9996;2;9995;29;;;10004;2;10005;29;;;10000.0;408.0
-1;51600;BANANAS;4891;31;;;;;4897;2;4898;29;;;4894.0;1166.4297
-1;51700;PEARLS;9996;2;9995;30;;;10002;5;10004;2;10005;30;9999.0;408.0
-1;51700;BANANAS;4891;32;;;;;4896;5;4897;2;4898;30;4893.5;1168.2031
-1;51800;BANANAS;4891;26;;;;;4898;26;;;;;4894.5;1176.7734
-1;51800;PEARLS;9996;2;9995;24;;;10004;2;10005;24;;;10000.0;408.0
-1;51900;PEARLS;9996;1;9995;26;;;10002;6;10004;1;10005;26;9999.0;408.0
-1;51900;BANANAS;4892;1;4891;26;;;4896;6;4898;27;;;4894.0;1172.9844
-1;52000;PEARLS;10000;3;9996;1;9995;23;10004;1;10005;23;;;10002.0;408.0
-1;52000;BANANAS;4891;24;;;;;4897;1;4898;23;;;4894.0;1164.8672
-1;52100;PEARLS;9995;30;;;;;10005;30;;;;;10000.0;408.0
-1;52100;BANANAS;4891;30;;;;;4898;30;;;;;4894.5;1159.7422
-1;52200;BANANAS;4891;28;;;;;4896;3;4898;28;;;4893.5;1168.3125
-1;52200;PEARLS;9995;28;;;;;10002;3;10005;28;;;9998.5;408.0
-1;52300;PEARLS;9995;21;;;;;10002;3;10005;21;;;9998.5;408.0
-1;52300;BANANAS;4892;21;;;;;4897;2;4899;21;;;4894.5;1161.9766
-1;52400;PEARLS;10000;6;9996;2;9995;22;10004;2;10005;22;;;10002.0;408.0
-1;52400;BANANAS;4892;2;4891;22;;;4898;24;;;;;4895.0;1161.8438
-1;52500;PEARLS;9996;1;9995;30;;;10004;1;10005;30;;;10000.0;408.0
-1;52500;BANANAS;4891;31;;;;;4898;31;;;;;4894.5;1161.1641
-1;52600;BANANAS;4891;24;;;;;4897;1;4898;23;;;4894.0;1165.5078
-1;52600;PEARLS;9996;1;9995;23;;;9998;2;10004;1;10005;23;9997.0;408.0
-1;52700;PEARLS;9995;29;;;;;9998;1;10005;29;;;9996.5;412.0
-1;52700;BANANAS;4891;29;;;;;4897;29;;;;;4894.0;1165.9297
-1;52800;PEARLS;9995;24;;;;;9998;1;10005;24;;;9996.5;414.0
-1;52800;BANANAS;4891;24;;;;;4897;24;;;;;4894.0;1170.8516
-1;52900;PEARLS;9996;1;9995;30;;;10004;1;10005;30;;;10000.0;416.0
-1;52900;BANANAS;4891;1;4890;30;;;4897;31;;;;;4894.0;1163.9922
-1;53000;BANANAS;4891;28;;;;;4898;28;;;;;4894.5;1176.7578
-1;53000;PEARLS;9995;28;;;;;10005;28;;;;;10000.0;416.0
-1;53100;PEARLS;9996;1;9995;30;;;10004;1;10005;30;;;10000.0;416.0
-1;53100;BANANAS;4892;31;;;;;4898;31;;;;;4895.0;1206.1953
-1;53200;PEARLS;9996;1;9995;30;;;9998;1;10004;1;10005;30;9997.0;416.0
-1;53200;BANANAS;4892;31;;;;;4898;1;4899;30;;;4895.0;1207.9453
-1;53300;PEARLS;9996;1;9995;23;;;10004;1;10005;23;;;10000.0;418.0
-1;53300;BANANAS;4892;24;;;;;4899;24;;;;;4895.5;1206.5
-1;53400;BANANAS;4892;23;;;;;4893;1;4899;23;;;4892.5;1195.4922
-1;53400;PEARLS;9995;23;;;;;10005;23;;;;;10000.0;418.0
-1;53500;PEARLS;9996;1;9995;25;;;10002;8;10004;1;10005;25;9999.0;418.0
-1;53500;BANANAS;4892;26;;;;;4897;8;4899;26;;;4894.5;1256.8047
-1;53600;PEARLS;9998;2;9995;23;;;10005;23;;;;;10001.5;418.0
-1;53600;BANANAS;4893;1;4892;23;;;4899;23;;;;;4896.0;1249.1562
-1;53700;PEARLS;9996;2;9995;25;;;10002;10;10004;2;10005;25;9999.0;418.0
-1;53700;BANANAS;4892;27;;;;;4897;10;4898;2;4899;25;4894.5;1256.7812
-1;53800;BANANAS;4892;25;;;;;4897;6;4898;2;4899;23;4894.5;1269.5
-1;53800;PEARLS;9996;2;9995;23;;;9998;13;10002;6;10004;2;9997.0;418.0
-1;53900;PEARLS;9995;28;;;;;10005;28;;;;;10000.0;444.0
-1;53900;BANANAS;4897;1;4896;4;4891;28;4898;28;;;;;4897.5;1278.3359
-1;54000;PEARLS;9996;1;9995;21;;;10004;1;10005;21;;;10000.0;444.0
-1;54000;BANANAS;4891;22;;;;;4898;22;;;;;4894.5;1240.4766
-1;54100;PEARLS;9995;23;;;;;10005;23;;;;;10000.0;444.0
-1;54100;BANANAS;4892;23;;;;;4899;23;;;;;4895.5;1231.1328
-1;54200;BANANAS;4892;1;4891;20;;;4898;21;;;;;4895.0;1218.5469
-1;54200;PEARLS;9996;1;9995;20;;;10004;1;10005;20;;;10000.0;444.0
-1;54300;BANANAS;4892;1;4891;25;;;4898;25;;;;;4895.0;1229.2891
-1;54300;PEARLS;9998;1;9995;25;;;10005;25;;;;;10001.5;444.0
-1;54400;PEARLS;9996;2;9995;22;;;10004;2;10005;22;;;10000.0;444.0
-1;54400;BANANAS;4892;23;;;;;4898;2;4899;22;;;4895.0;1230.4453
-1;54500;BANANAS;4892;28;;;;;4897;9;4899;29;;;4894.5;1233.1484
-1;54500;PEARLS;9995;29;;;;;10002;9;10005;29;;;9998.5;444.0
-1;54600;BANANAS;4893;4;4892;28;;;4899;28;;;;;4896.0;1226.9609
-1;54600;PEARLS;9998;4;9996;2;9995;26;10004;2;10005;26;;;10001.0;444.0
-1;54700;PEARLS;9998;2;9995;21;;;10005;21;;;;;10001.5;444.0
-1;54700;BANANAS;4894;3;4893;21;;;4900;21;;;;;4897.0;1220.3984
-1;54800;PEARLS;9996;1;9995;23;;;10004;1;10005;23;;;10000.0;444.0
-1;54800;BANANAS;4893;24;;;;;4899;1;4900;23;;;4896.0;1212.7266
-1;54900;PEARLS;9996;1;9995;28;;;10004;1;10005;28;;;10000.0;444.0
-1;54900;BANANAS;4893;29;;;;;4899;1;4900;28;;;4896.0;1199.7578
-1;55000;BANANAS;4893;27;;;;;4900;27;;;;;4896.5;1205.4531
-1;55000;PEARLS;9995;27;;;;;9998;5;10005;27;;;9996.5;444.0
-1;55100;PEARLS;10002;9;9996;2;9995;29;10004;2;10005;29;;;10003.0;454.0
-1;55100;BANANAS;4894;2;4893;29;;;4900;31;;;;;4897.0;1212.8594
-1;55200;PEARLS;9995;25;;;;;10005;25;;;;;10000.0;472.0
-1;55200;BANANAS;4894;25;;;;;4900;25;;;;;4897.0;1216.4141
-1;55300;PEARLS;9996;1;9995;24;;;10002;7;10004;1;10005;24;9999.0;472.0
-1;55300;BANANAS;4894;25;;;;;4899;7;4901;25;;;4896.5;1222.8125
-1;55400;BANANAS;4895;1;4894;22;;;4901;23;;;;;4898.0;1219.7656
-1;55400;PEARLS;9996;1;9995;22;;;10004;1;10005;22;;;10000.0;472.0
-1;55500;PEARLS;9995;26;;;;;10005;26;;;;;10000.0;472.0
-1;55500;BANANAS;4898;2;4894;26;;;4901;26;;;;;4899.5;1205.1172
-1;55600;PEARLS;9998;7;9996;1;9995;27;10004;1;10005;27;;;10001.0;472.0
-1;55600;BANANAS;4895;7;4894;28;;;4900;1;4901;27;;;4897.5;1103.2891
-1;55700;BANANAS;4893;21;;;;;4898;7;4900;21;;;4895.5;1111.1406
-1;55700;PEARLS;9995;21;;;;;10002;7;10005;21;;;9998.5;472.0
-1;55800;BANANAS;4894;23;;;;;4900;2;4901;21;;;4897.0;1117.6797
-1;55800;PEARLS;9996;2;9995;21;;;10004;2;10005;21;;;10000.0;472.0
-1;55900;BANANAS;4894;24;;;;;4901;24;;;;;4897.5;1114.1797
-1;55900;PEARLS;9995;24;;;;;9998;11;10005;24;;;9996.5;472.0
-1;56000;PEARLS;9996;2;9995;20;;;10004;2;10005;20;;;10000.0;494.0
-1;56000;BANANAS;4895;22;;;;;4901;22;;;;;4898.0;1114.2266
-1;56100;BANANAS;4894;30;;;;;4901;30;;;;;4897.5;1120.7734
-1;56100;PEARLS;9996;1;9995;29;;;10004;1;10005;29;;;10000.0;494.0
-1;56200;BANANAS;4894;28;;;;;4900;2;4901;26;;;4897.0;1121.0703
-1;56200;PEARLS;9996;2;9995;26;;;10004;2;10005;26;;;10000.0;494.0
-1;56300;BANANAS;4894;23;;;;;4899;8;4901;23;;;4896.5;1115.2109
-1;56300;PEARLS;9995;23;;;;;10002;8;10005;23;;;9998.5;494.0
-1;56400;PEARLS;9998;6;9995;23;;;10005;23;;;;;10001.5;494.0
-1;56400;BANANAS;4895;6;4894;23;;;4901;23;;;;;4898.0;1110.6328
-1;56500;BANANAS;4894;25;;;;;4901;25;;;;;4897.5;1112.6406
-1;56500;PEARLS;9995;25;;;;;10005;25;;;;;10000.0;494.0
-1;56600;BANANAS;4894;27;;;;;4901;27;;;;;4897.5;1108.5078
-1;56600;PEARLS;9996;1;9995;26;;;10004;1;10005;26;;;10000.0;494.0
-1;56700;BANANAS;4894;24;;;;;4901;25;;;;;4897.5;1112.6406
-1;56700;PEARLS;9995;25;;;;;10005;25;;;;;10000.0;494.0
-1;56800;PEARLS;9995;24;;;;;10005;24;;;;;10000.0;494.0
-1;56800;BANANAS;4894;23;;;;;4900;24;;;;;4897.0;1110.6172
-1;56900;BANANAS;4895;5;4894;20;;;4901;20;;;;;4898.0;1113.1016
-1;56900;PEARLS;9998;5;9995;20;;;10005;20;;;;;10001.5;494.0
-1;57000;BANANAS;4893;25;;;;;4900;25;;;;;4896.5;1109.2734
-1;57000;PEARLS;9995;25;;;;;10005;25;;;;;10000.0;494.0
-1;57100;BANANAS;4894;2;4893;25;;;4900;27;;;;;4897.0;1110.3906
-1;57100;PEARLS;9996;2;9995;25;;;10004;2;10005;25;;;10000.0;494.0
-1;57200;PEARLS;9995;26;;;;;10005;26;;;;;10000.0;494.0
-1;57200;BANANAS;4893;26;;;;;4896;2;4900;26;;;4894.5;1113.4688
-1;57300;BANANAS;4893;25;;;;;4900;25;;;;;4896.5;1117.5391
-1;57300;PEARLS;10002;1;9995;25;;;10005;25;;;;;10003.5;494.0
-1;57400;BANANAS;4893;27;;;;;4898;2;4899;2;4900;26;4895.5;1122.7188
-1;57400;PEARLS;9996;2;9995;26;;;10002;2;10004;2;10005;26;9999.0;496.0
-1;57500;BANANAS;4892;31;;;;;4897;1;4899;31;;;4894.5;1137.625
-1;57500;PEARLS;9996;1;9995;30;;;10002;1;10004;1;10005;30;9999.0;496.0
-1;57600;PEARLS;9995;29;;;;;9998;1;10005;29;;;9996.5;496.0
-1;57600;BANANAS;4892;29;;;;;4899;29;;;;;4895.5;1141.0
-1;57700;BANANAS;4892;30;;;;;4897;2;4899;30;;;4894.5;1139.8438
-1;57700;PEARLS;9996;2;9995;28;;;10002;2;10004;2;10005;28;9999.0;498.0
-1;57800;BANANAS;4892;28;;;;;4899;28;;;;;4895.5;1141.6328
-1;57800;PEARLS;9996;2;9995;26;;;10004;2;10005;26;;;10000.0;498.0
-1;57900;BANANAS;4893;32;;;;;4899;2;4900;30;;;4896.0;1130.0703
-1;57900;PEARLS;10002;1;9996;2;9995;30;10004;2;10005;30;;;10003.0;498.0
-1;58000;PEARLS;9998;7;9995;23;;;10005;23;;;;;10001.5;500.0
-1;58000;BANANAS;4893;6;4892;23;;;4899;23;;;;;4896.0;1127.5625
-1;58100;BANANAS;4893;23;;;;;4899;1;4900;23;;;4896.0;1122.875
-1;58100;PEARLS;9996;1;9995;23;;;10004;1;10005;23;;;10000.0;500.0
-1;58200;BANANAS;4893;26;;;;;4899;2;4900;24;;;4896.0;1129.7188
-1;58200;PEARLS;9996;2;9995;24;;;10004;2;10005;24;;;10000.0;500.0
-1;58300;BANANAS;4893;23;;;;;4900;23;;;;;4896.5;1131.0547
-1;58300;PEARLS;9996;2;9995;21;;;9998;1;10004;2;10005;21;9997.0;500.0
-1;58400;PEARLS;9995;21;;;;;10000;4;10005;21;;;9997.5;502.0
-1;58400;BANANAS;4893;21;;;;;4900;21;;;;;4896.5;1140.4297
-1;58500;BANANAS;4894;1;4893;29;;;4900;30;;;;;4897.0;1142.7812
-1;58500;PEARLS;9996;1;9995;29;;;9998;1;10004;1;10005;29;9997.0;502.0
-1;58600;BANANAS;4894;2;4893;29;;;4899;2;4900;27;;;4896.5;1138.7109
-1;58600;PEARLS;9998;2;9996;2;9995;27;10004;2;10005;27;;;10001.0;504.0
-1;58700;BANANAS;4893;1;4892;24;;;4899;25;;;;;4896.0;1140.1406
-1;58700;PEARLS;9996;1;9995;24;;;10004;1;10005;24;;;10000.0;504.0
-1;58800;BANANAS;4894;5;4893;24;;;4900;24;;;;;4897.0;1134.9688
-1;58800;PEARLS;9998;4;9996;2;9995;22;10004;2;10005;22;;;10001.0;504.0
-1;58900;PEARLS;9995;22;;;;;9998;1;10005;22;;;9996.5;504.0
-1;58900;BANANAS;4894;22;;;;;4901;22;;;;;4897.5;1137.5781
-1;59000;PEARLS;9995;26;;;;;10005;26;;;;;10000.0;506.0
-1;59000;BANANAS;4895;9;4894;26;;;4901;26;;;;;4898.0;1141.2188
-1;59100;BANANAS;4893;30;;;;;4894;12;4900;30;;;4893.5;1139.9141
-1;59100;PEARLS;9995;30;;;;;9998;2;10005;30;;;9996.5;506.0
-1;59200;PEARLS;10000;3;9996;2;9995;29;10004;2;10005;29;;;10002.0;506.0
-1;59200;BANANAS;4897;1;4893;31;;;4900;31;;;;;4898.5;1136.1562
-1;59300;PEARLS;9996;2;9995;28;;;9998;13;10004;2;10005;28;9997.0;506.0
-1;59300;BANANAS;4894;2;4893;28;;;4900;30;;;;;4897.0;1079.1328
-1;59400;PEARLS;9995;28;;;;;10005;28;;;;;10000.0;506.0
-1;59400;BANANAS;4894;28;;;;;4899;3;4901;28;;;4896.5;1082.5938
-1;59500;BANANAS;4895;1;4894;29;;;4900;2;4901;27;;;4897.5;1075.75
-1;59500;PEARLS;9998;1;9996;2;9995;27;10004;2;10005;27;;;10001.0;506.0
-1;59600;PEARLS;9995;25;;;;;10005;25;;;;;10000.0;506.0
-1;59600;BANANAS;4894;25;;;;;4901;25;;;;;4897.5;1083.1016
-1;59700;PEARLS;9998;8;9996;2;9995;26;10004;2;10005;26;;;10001.0;506.0
-1;59700;BANANAS;4895;8;4894;28;;;4901;28;;;;;4898.0;1090.3359
-1;59800;PEARLS;9995;20;;;;;10005;20;;;;;10000.0;506.0
-1;59800;BANANAS;4893;20;;;;;4900;20;;;;;4896.5;1091.1016
-1;59900;BANANAS;4894;3;4893;22;;;4900;24;;;;;4897.0;1094.7812
-1;59900;PEARLS;10002;1;9998;1;9996;2;10004;2;10005;22;;;10003.0;506.0
-1;60000;PEARLS;9998;4;9996;2;9995;29;10004;2;10005;29;;;10001.0;508.0
-1;60000;BANANAS;4894;4;4893;31;;;4900;31;;;;;4897.0;1103.0
-1;60100;PEARLS;9995;25;;;;;9998;1;10005;25;;;9996.5;508.0
-1;60100;BANANAS;4893;25;;;;;4900;25;;;;;4896.5;1106.4531
-1;60200;PEARLS;10000;3;9996;1;9995;21;10004;1;10005;21;;;10002.0;510.0
-1;60200;BANANAS;4894;1;4893;21;;;4900;22;;;;;4897.0;1106.1094
-1;60300;PEARLS;9996;2;9995;22;;;10004;2;10005;22;;;10000.0;510.0
-1;60300;BANANAS;4893;24;;;;;4900;24;;;;;4896.5;1103.1094
-1;60400;BANANAS;4893;25;;;;;4900;25;;;;;4896.5;1103.5781
-1;60400;PEARLS;10000;4;9996;1;9995;24;10004;1;10005;24;;;10002.0;510.0
-1;60500;PEARLS;9996;2;9995;20;;;10004;2;10005;20;;;10000.0;510.0
-1;60500;BANANAS;4893;22;;;;;4900;22;;;;;4896.5;1105.1094
-1;60600;PEARLS;9995;27;;;;;10002;3;10005;27;;;9998.5;510.0
-1;60600;BANANAS;4893;27;;;;;4898;3;4900;27;;;4895.5;1105.5312
-1;60700;PEARLS;9996;2;9995;29;;;10002;8;10004;2;10005;29;9999.0;510.0
-1;60700;BANANAS;4894;31;;;;;4898;8;4900;31;;;4896.0;1109.1406
-1;60800;BANANAS;4894;25;;;;;4900;1;4901;24;;;4897.0;1097.6016
-1;60800;PEARLS;9996;1;9995;24;;;10004;1;10005;24;;;10000.0;510.0
-1;60900;PEARLS;9996;2;9995;23;;;10004;2;10005;23;;;10000.0;510.0
-1;60900;BANANAS;4894;25;;;;;4900;2;4901;23;;;4897.0;1090.2422
-1;61000;PEARLS;9996;1;9995;30;;;10004;1;10005;30;;;10000.0;510.0
-1;61000;BANANAS;4894;31;;;;;4900;31;;;;;4897.0;1083.0
-1;61100;PEARLS;9996;2;9995;30;;;10004;2;10005;30;;;10000.0;510.0
-1;61100;BANANAS;4894;32;;;;;4895;2;4897;3;4900;2;4894.5;1083.7109
-1;61200;BANANAS;4894;30;;;;;4901;30;;;;;4897.5;1079.2578
-1;61200;PEARLS;9995;30;;;;;10005;30;;;;;10000.0;510.0
-1;61300;PEARLS;9996;1;9995;30;;;10004;1;10005;30;;;10000.0;510.0
-1;61300;BANANAS;4893;31;;;;;4900;31;;;;;4896.5;1075.8281
-1;61400;PEARLS;10002;2;9996;2;9995;26;10004;2;10005;26;;;10003.0;510.0
-1;61400;BANANAS;4894;2;4893;26;;;4900;28;;;;;4897.0;1084.4375
-1;61500;PEARLS;10002;6;9995;29;;;10005;29;;;;;10003.5;514.0
-1;61500;BANANAS;4893;29;;;;;4900;29;;;;;4896.5;1097.4219
-1;61600;BANANAS;4893;26;;;;;4899;26;;;;;4896.0;1097.9922
-1;61600;PEARLS;9996;1;9995;25;;;10004;1;10005;25;;;10000.0;526.0
-1;61700;PEARLS;9996;1;9995;22;;;10004;1;10005;22;;;10000.0;526.0
-1;61700;BANANAS;4898;1;4893;23;;;4899;1;4900;22;;;4898.5;1093.375
-1;61800;PEARLS;9995;29;;;;;10005;29;;;;;10000.0;526.0
-1;61800;BANANAS;4892;29;;;;;4899;29;;;;;4895.5;1037.9766
-1;61900;PEARLS;9996;2;9995;23;;;9998;1;10004;2;10005;23;9997.0;526.0
-1;61900;BANANAS;4892;25;;;;;4899;25;;;;;4895.5;1038.6562
-1;62000;BANANAS;4892;23;;;;;4898;1;4899;22;;;4895.0;1028.2344
-1;62000;PEARLS;9996;1;9995;22;;;10004;1;10005;22;;;10000.0;528.0
-1;62100;PEARLS;9996;1;9995;24;;;10004;1;10005;24;;;10000.0;528.0
-1;62100;BANANAS;4892;25;;;;;4898;1;4899;24;;;4895.0;1030.2969
-1;62200;PEARLS;9998;9;9995;26;;;10005;26;;;;;10001.5;528.0
-1;62200;BANANAS;4893;8;4892;26;;;4899;26;;;;;4896.0;1024.125
-1;62300;PEARLS;9996;1;9995;21;;;10004;1;10005;21;;;10000.0;528.0
-1;62300;BANANAS;4892;22;;;;;4899;22;;;;;4895.5;1033.4922
-1;62400;BANANAS;4892;26;;;;;4899;26;;;;;4895.5;1029.7656
-1;62400;PEARLS;9995;26;;;;;10005;26;;;;;10000.0;528.0
-1;62500;PEARLS;9996;2;9995;27;;;10004;2;10005;27;;;10000.0;528.0
-1;62500;BANANAS;4892;29;;;;;4899;29;;;;;4895.5;1028.5234
-1;62600;PEARLS;9996;2;9995;29;;;10004;2;10005;29;;;10000.0;528.0
-1;62600;BANANAS;4893;2;4892;29;;;4899;31;;;;;4896.0;1022.53125
-1;62700;PEARLS;9995;25;;;;;10002;4;10005;25;;;9998.5;528.0
-1;62700;BANANAS;4893;25;;;;;4898;4;4900;25;;;4895.5;1027.8984
-1;62800;BANANAS;4893;28;;;;;4899;28;;;;;4896.0;1019.60156
-1;62800;PEARLS;9996;1;9995;27;;;10004;1;10005;27;;;10000.0;528.0
-1;62900;PEARLS;9996;1;9995;21;;;10004;1;10005;21;;;10000.0;528.0
-1;62900;BANANAS;4894;1;4893;21;;;4900;22;;;;;4897.0;1019.8047
-1;63000;PEARLS;9996;2;9995;25;;;10004;2;10005;25;;;10000.0;528.0
-1;63000;BANANAS;4893;27;;;;;4899;2;4900;25;;;4896.0;1017.5469
-1;63100;BANANAS;4893;20;;;;;4898;1;4900;20;;;4895.5;1017.21875
-1;63100;PEARLS;9995;20;;;;;10002;1;10005;20;;;9998.5;528.0
-1;63200;BANANAS;4893;24;;;;;4900;24;;;;;4896.5;1016.6719
-1;63200;PEARLS;9995;24;;;;;10005;24;;;;;10000.0;528.0
-1;63300;BANANAS;4894;2;4893;26;;;4900;28;;;;;4897.0;1016.25
-1;63300;PEARLS;9996;2;9995;26;;;10004;2;10005;26;;;10000.0;528.0
-1;63400;PEARLS;9996;1;9995;30;;;10002;9;10004;1;10005;30;9999.0;528.0
-1;63400;BANANAS;4894;1;4893;30;;;4898;9;4900;31;;;4896.0;1018.5703
-1;63500;PEARLS;9996;2;9995;30;;;9998;1;10002;3;10004;2;9997.0;528.0
-1;63500;BANANAS;4893;32;;;;;4898;3;4900;32;;;4895.5;1019.21094
-1;63600;BANANAS;4894;31;;;;;4898;6;4900;31;;;4896.0;1019.5
-1;63600;PEARLS;9996;1;9995;30;;;10002;6;10004;1;10005;30;9999.0;530.0
-1;63700;PEARLS;9998;8;9996;2;9995;22;10004;2;10005;22;;;10001.0;530.0
-1;63700;BANANAS;4895;8;4894;24;;;4900;24;;;;;4897.5;1015.72656
-1;63800;PEARLS;9996;2;9995;26;;;10004;2;10005;26;;;10000.0;530.0
-1;63800;BANANAS;4894;27;;;;;4901;28;;;;;4897.5;1009.5547
-1;63900;PEARLS;9995;25;;;;;10002;3;10005;25;;;9998.5;530.0
-1;63900;BANANAS;4894;25;;;;;4895;1;4899;3;4901;25;4894.5;1004.0
-1;64000;BANANAS;4895;1;4894;30;;;4901;31;;;;;4898.0;999.1172
-1;64000;PEARLS;9996;1;9995;30;;;10004;1;10005;30;;;10000.0;530.0
-1;64100;PEARLS;9995;29;;;;;10005;29;;;;;10000.0;530.0
-1;64100;BANANAS;4894;29;;;;;4901;29;;;;;4897.5;987.9453
-1;64200;PEARLS;9996;1;9995;23;;;10002;1;10004;1;10005;23;9999.0;530.0
-1;64200;BANANAS;4895;1;4894;23;;;4899;1;4901;24;;;4897.0;986.3047
-1;64300;PEARLS;9995;29;;;;;10005;29;;;;;10000.0;530.0
-1;64300;BANANAS;4895;29;;;;;4902;29;;;;;4898.5;983.40625
-1;64400;BANANAS;4894;25;;;;;4901;26;;;;;4897.5;981.4375
-1;64400;PEARLS;9996;1;9995;25;;;10004;1;10005;25;;;10000.0;530.0
-1;64500;PEARLS;9998;1;9996;1;9995;30;10004;1;10005;30;;;10001.0;530.0
-1;64500;BANANAS;4896;1;4895;31;;;4901;1;4902;30;;;4898.5;983.64844
-1;64600;PEARLS;9996;1;9995;23;;;10004;1;10005;23;;;10000.0;530.0
-1;64600;BANANAS;4895;23;;;;;4901;1;4902;23;;;4898.0;939.47656
-1;64700;BANANAS;4895;30;;;;;4900;1;4902;30;;;4897.5;935.9375
-1;64700;PEARLS;9996;2;9995;28;;;10002;1;10004;2;10005;28;9999.0;530.0
-1;64800;BANANAS;4895;28;;;;;4900;4;4902;28;;;4897.5;932.7031
-1;64800;PEARLS;9996;2;9995;26;;;10002;4;10004;2;10005;26;9999.0;530.0
-1;64900;BANANAS;4895;29;;;;;4902;30;;;;;4898.5;929.08594
-1;64900;PEARLS;9995;30;;;;;10005;30;;;;;10000.0;530.0
-1;65000;PEARLS;9995;22;;;;;10002;3;10005;22;;;9998.5;530.0
-1;65000;BANANAS;4895;22;;;;;4900;3;4902;22;;;4897.5;935.3125
-1;65100;BANANAS;4896;9;4895;31;;;4902;31;;;;;4899.0;933.77344
-1;65100;PEARLS;9998;9;9996;2;9995;29;10004;2;10005;29;;;10001.0;530.0
-1;65200;BANANAS;4895;25;;;;;4901;25;;;;;4898.0;499.48047
-1;65200;PEARLS;10002;5;9995;25;;;10005;25;;;;;10003.5;530.0
-1;65300;BANANAS;4900;1;4895;5;4894;29;4901;31;;;;;4900.5;498.10938
-1;65300;PEARLS;10002;1;9998;3;9996;2;10004;2;10005;29;;;10003.0;540.0
-1;65400;PEARLS;9996;1;9995;24;;;9998;1;10004;1;10005;24;9997.0;542.0
-1;65400;BANANAS;4894;25;;;;;4901;25;;;;;4897.5;456.59766
-1;65500;BANANAS;4895;2;4894;25;;;4899;6;4901;27;;;4897.0;457.35156
-1;65500;PEARLS;9996;2;9995;25;;;10002;6;10004;2;10005;25;9999.0;544.0
-1;65600;BANANAS;4895;8;4894;28;;;4901;28;;;;;4898.0;457.42578
-1;65600;PEARLS;9998;8;9995;28;;;10005;28;;;;;10001.5;544.0
-1;65700;BANANAS;4894;21;;;;;4901;21;;;;;4897.5;457.77734
-1;65700;PEARLS;9995;21;;;;;10005;21;;;;;10000.0;544.0
-1;65800;PEARLS;9995;29;;;;;10005;29;;;;;10000.0;544.0
-1;65800;BANANAS;4894;29;;;;;4901;29;;;;;4897.5;455.68945
-1;65900;BANANAS;4895;1;4894;26;;;4901;27;;;;;4898.0;454.60742
-1;65900;PEARLS;9996;1;9995;26;;;10004;1;10005;26;;;10000.0;544.0
-1;66000;BANANAS;4894;21;;;;;4901;21;;;;;4897.5;457.07812
-1;66000;PEARLS;9996;1;9995;20;;;9998;2;10004;1;10005;20;9997.0;544.0
-1;66100;BANANAS;4893;22;;;;;4900;22;;;;;4896.5;455.7832
-1;66100;PEARLS;9995;22;;;;;10005;22;;;;;10000.0;548.0
-1;66200;PEARLS;9995;28;;;;;10005;28;;;;;10000.0;548.0
-1;66200;BANANAS;4894;28;;;;;4901;28;;;;;4897.5;455.66016
-1;66300;BANANAS;4893;25;;;;;4900;25;;;;;4896.5;456.8828
-1;66300;PEARLS;9995;25;;;;;9998;1;10005;25;;;9996.5;548.0
-1;66400;BANANAS;4893;29;;;;;4898;6;4899;29;;;4895.5;455.49023
-1;66400;PEARLS;9996;1;9995;28;;;10002;6;10004;1;10005;28;9999.0;550.0
-1;66500;BANANAS;4892;23;;;;;4898;2;4899;22;;;4895.0;456.12305
-1;66500;PEARLS;9996;2;9995;22;;;10004;2;10005;22;;;10000.0;550.0
-1;66600;PEARLS;9995;25;;;;;10002;8;10005;25;;;9998.5;550.0
-1;66600;BANANAS;4895;1;4892;25;;;4897;8;4899;25;;;4896.0;452.62305
-1;66700;BANANAS;4894;6;4893;1;4892;30;4898;30;;;;;4896.0;451.86133
-1;66700;PEARLS;9998;1;9995;30;;;10005;30;;;;;10001.5;550.0
-1;66800;BANANAS;4891;24;;;;;4898;24;;;;;4894.5;450.23633
-1;66800;PEARLS;9996;2;9995;22;;;9998;1;10004;2;10005;22;9997.0;550.0
-1;66900;BANANAS;4891;29;;;;;4898;29;;;;;4894.5;448.4707
-1;66900;PEARLS;9996;1;9995;28;;;10004;1;10005;28;;;10000.0;552.0
-1;67000;PEARLS;10002;4;9996;2;9995;30;10004;2;10005;30;;;10003.0;552.0
-1;67000;BANANAS;4892;2;4891;30;;;4893;5;4898;32;;;4892.5;447.02734
-1;67100;BANANAS;4891;22;;;;;4892;1;4896;4;4898;22;4891.5;686.3633
-1;67100;PEARLS;9996;1;9995;21;;;10002;4;10004;1;10005;21;9999.0;560.0
-1;67200;BANANAS;4891;30;;;;;4897;2;4898;28;;;4894.0;725.2539
-1;67200;PEARLS;9996;2;9995;28;;;10004;2;10005;28;;;10000.0;560.0
-1;67300;BANANAS;4891;1;4890;25;;;4895;3;4897;26;;;4893.0;728.03125
-1;67300;PEARLS;9996;1;9995;25;;;10002;3;10004;1;10005;25;9999.0;560.0
-1;67400;PEARLS;9996;1;9995;29;;;9998;5;10004;1;10005;29;9997.0;560.0
-1;67400;BANANAS;4891;30;;;;;4897;1;4898;29;;;4894.0;724.1172
-1;67500;PEARLS;9996;1;9995;28;;;10004;1;10005;28;;;10000.0;570.0
-1;67500;BANANAS;4892;1;4891;28;;;4898;29;;;;;4895.0;730.125
-1;67600;BANANAS;4891;31;;;;;4897;31;;;;;4894.0;731.03906
-1;67600;PEARLS;9996;1;9995;30;;;10004;1;10005;30;;;10000.0;570.0
-1;67700;BANANAS;4892;2;4891;21;;;4898;21;;;;;4895.0;731.83203
-1;67700;PEARLS;10002;1;9998;2;9995;21;10005;21;;;;;10003.5;570.0
-1;67800;BANANAS;4892;23;;;;;4898;23;;;;;4895.0;736.3906
-1;67800;PEARLS;9996;2;9995;21;;;9998;1;10004;2;10005;21;9997.0;572.0
-1;67900;PEARLS;9996;2;9995;20;;;10002;4;10004;2;10005;20;9999.0;574.0
-1;67900;BANANAS;4893;2;4892;20;;;4897;4;4899;22;;;4895.0;734.96094
-1;68000;PEARLS;9995;30;;;;;10005;30;;;;;10000.0;574.0
-1;68000;BANANAS;4892;30;;;;;4899;30;;;;;4895.5;738.2969
-1;68100;BANANAS;4892;26;;;;;4899;26;;;;;4895.5;733.02344
-1;68100;PEARLS;9995;26;;;;;10005;26;;;;;10000.0;574.0
-1;68200;PEARLS;9996;2;9995;24;;;10004;2;10005;24;;;10000.0;574.0
-1;68200;BANANAS;4892;26;;;;;4895;5;4898;2;4899;24;4893.5;735.8281
-1;68300;PEARLS;9996;1;9995;26;;;10004;1;10005;26;;;10000.0;574.0
-1;68300;BANANAS;4892;1;4891;26;;;4898;27;;;;;4895.0;731.97266
-1;68400;PEARLS;9998;6;9995;28;;;10005;28;;;;;10001.5;574.0
-1;68400;BANANAS;4892;34;;;;;4898;28;;;;;4895.0;733.4453
-1;68500;BANANAS;4893;2;4892;24;;;4899;24;;;;;4896.0;736.79297
-1;68500;PEARLS;9998;2;9996;1;9995;23;10004;1;10005;23;;;10001.0;574.0
-1;68600;PEARLS;9996;1;9995;30;;;10002;10;10004;1;10005;30;9999.0;574.0
-1;68600;BANANAS;4892;31;;;;;4897;10;4899;31;;;4894.5;738.6289
-1;68700;PEARLS;10002;1;9998;7;9996;2;10004;2;10005;27;;;10003.0;574.0
-1;68700;BANANAS;4894;7;4893;29;;;4899;29;;;;;4896.5;735.91406
-1;68800;PEARLS;9995;23;;;;;10005;23;;;;;10000.0;576.0
-1;68800;BANANAS;4893;23;;;;;4900;23;;;;;4896.5;739.0469
-1;68900;BANANAS;4896;6;4893;21;;;4900;21;;;;;4898.0;735.25
-1;68900;PEARLS;9995;21;;;;;10005;21;;;;;10000.0;576.0
-1;69000;BANANAS;4894;3;4893;21;;;4900;21;;;;;4897.0;465.66602
-1;69000;PEARLS;9998;3;9996;1;9995;20;10004;1;10005;20;;;10001.0;576.0
-1;69100;PEARLS;9995;21;;;;;10005;21;;;;;10000.0;576.0
-1;69100;BANANAS;4893;21;;;;;4900;21;;;;;4896.5;465.5547
-1;69200;PEARLS;9996;1;9995;26;;;10002;6;10004;1;10005;26;9999.0;576.0
-1;69200;BANANAS;4893;27;;;;;4898;6;4899;1;4900;26;4895.5;466.8379
-1;69300;PEARLS;9996;2;9995;22;;;10004;2;10005;22;;;10000.0;576.0
-1;69300;BANANAS;4893;24;;;;;4899;2;4900;22;;;4896.0;468.48438
-1;69400;BANANAS;4893;28;;;;;4899;1;4900;27;;;4896.0;468.37305
-1;69400;PEARLS;10002;4;9996;1;9995;27;10004;1;10005;27;;;10003.0;576.0
-1;69500;PEARLS;10002;2;9998;3;9995;27;10005;27;;;;;10003.5;584.0
-1;69500;BANANAS;4894;3;4893;27;;;4900;27;;;;;4897.0;466.9668
-1;69600;PEARLS;9996;1;9995;24;;;10002;4;10004;1;10005;24;9999.0;588.0
-1;69600;BANANAS;4893;25;;;;;4898;4;4900;25;;;4895.5;465.61914
-1;69700;PEARLS;9996;2;9995;27;;;10004;2;10005;27;;;10000.0;588.0
-1;69700;BANANAS;4894;29;;;;;4901;29;;;;;4897.5;464.8203
-1;69800;BANANAS;4895;1;4894;26;;;4901;28;;;;;4898.0;464.13086
-1;69800;PEARLS;9996;2;9995;26;;;10004;2;10005;26;;;10000.0;588.0
-1;69900;PEARLS;9995;26;;;;;10005;26;;;;;10000.0;588.0
-1;69900;BANANAS;4895;26;;;;;4902;26;;;;;4898.5;463.62305
-1;70000;PEARLS;9998;10;9996;1;9995;28;10004;1;10005;28;;;10001.0;588.0
-1;70000;BANANAS;4896;10;4895;29;;;4902;29;;;;;4899.0;463.2754
-1;70100;PEARLS;9995;27;;;;;10002;6;10005;27;;;9998.5;588.0
-1;70100;BANANAS;4895;27;;;;;4900;6;4902;27;;;4897.5;19.429688
-1;70200;BANANAS;4896;1;4895;25;;;4902;26;;;;;4899.0;21.847656
-1;70200;PEARLS;9996;1;9995;25;;;10000;3;10004;1;10005;25;9998.0;588.0
-1;70300;PEARLS;9995;25;;;;;10005;25;;;;;10000.0;588.0
-1;70300;BANANAS;4895;25;;;;;4902;25;;;;;4898.5;-16.179688
-1;70400;PEARLS;9996;2;9995;29;;;10002;4;10004;2;10005;29;9999.0;588.0
-1;70400;BANANAS;4895;31;;;;;4900;9;4902;31;;;4897.5;-14.5234375
-1;70500;PEARLS;9995;24;;;;;10005;24;;;;;10000.0;588.0
-1;70500;BANANAS;4895;24;;;;;4902;24;;;;;4898.5;-18.183594
-1;70600;BANANAS;4900;1;4895;2;4894;27;4901;29;;;;;4900.5;-14.484375
-1;70600;PEARLS;9996;2;9995;27;;;10004;2;10005;27;;;10000.0;588.0
-1;70700;PEARLS;9995;24;;;;;10002;2;10005;24;;;9998.5;588.0
-1;70700;BANANAS;4894;24;;;;;4899;2;4901;24;;;4896.5;-52.433594
-1;70800;PEARLS;9996;2;9995;30;;;9998;1;10004;2;10005;30;9997.0;588.0
-1;70800;BANANAS;4895;1;4894;30;;;4901;32;;;;;4898.0;-49.910156
-1;70900;PEARLS;9995;29;;;;;10005;29;;;;;10000.0;590.0
-1;70900;BANANAS;4894;29;;;;;4901;29;;;;;4897.5;-44.96875
-1;71000;BANANAS;4899;1;4894;31;;;4901;31;;;;;4900.0;-44.76953
-1;71000;PEARLS;9996;2;9995;29;;;10004;2;10005;29;;;10000.0;590.0
-1;71100;PEARLS;9996;2;9995;20;;;10004;2;10005;20;;;10000.0;590.0
-1;71100;BANANAS;4895;22;;;;;4896;7;4901;2;4902;20;4895.5;-82.53125
-1;71200;PEARLS;9996;2;9995;24;;;10004;2;10005;24;;;10000.0;590.0
-1;71200;BANANAS;4896;2;4895;24;;;4902;26;;;;;4899.0;-83.92578
-1;71300;PEARLS;9995;20;;;;;10005;20;;;;;10000.0;590.0
-1;71300;BANANAS;4895;20;;;;;4902;20;;;;;4898.5;-174.3711
-1;71400;BANANAS;4895;30;;;;;4902;30;;;;;4898.5;-168.51562
-1;71400;PEARLS;9998;1;9995;30;;;10005;30;;;;;10001.5;590.0
-1;71500;PEARLS;9996;1;9995;30;;;10004;1;10005;30;;;10000.0;590.0
-1;71500;BANANAS;4895;31;;;;;4902;31;;;;;4898.5;-182.97266
-1;71600;PEARLS;9995;22;;;;;10005;22;;;;;10000.0;590.0
-1;71600;BANANAS;4895;22;;;;;4902;22;;;;;4898.5;-185.6289
-1;71700;PEARLS;9995;28;;;;;10005;28;;;;;10000.0;590.0
-1;71700;BANANAS;4895;28;;;;;4902;28;;;;;4898.5;-187.23047
-1;71800;BANANAS;4895;2;4894;20;;;4901;22;;;;;4898.0;-190.4414
-1;71800;PEARLS;9996;2;9995;20;;;10004;2;10005;20;;;10000.0;590.0
-1;71900;PEARLS;9996;2;9995;20;;;10004;2;10005;20;;;10000.0;590.0
-1;71900;BANANAS;4894;22;;;;;4897;5;4901;22;;;4895.5;-191.28125
-1;72000;PEARLS;9995;29;;;;;10002;8;10005;29;;;9998.5;590.0
-1;72000;BANANAS;4893;29;;;;;4898;8;4900;29;;;4895.5;-196.42188
-1;72100;BANANAS;4893;28;;;;;4894;3;4898;1;4900;28;4893.5;-192.32812
-1;72100;PEARLS;9996;2;9995;26;;;10002;1;10004;2;10005;26;9999.0;590.0
-1;72200;BANANAS;4893;1;4892;20;;;4899;21;;;;;4896.0;-49.414062
-1;72200;PEARLS;9996;1;9995;20;;;10004;1;10005;20;;;10000.0;590.0
-1;72300;BANANAS;4893;30;;;;;4899;1;4900;29;;;4896.0;-45.714844
-1;72300;PEARLS;9996;1;9995;29;;;10004;1;10005;29;;;10000.0;590.0
-1;72400;PEARLS;9995;24;;;;;10005;24;;;;;10000.0;590.0
-1;72400;BANANAS;4893;24;;;;;4900;24;;;;;4896.5;-45.421875
-1;72500;PEARLS;9996;2;9995;28;;;10004;2;10005;28;;;10000.0;590.0
-1;72500;BANANAS;4893;30;;;;;4899;2;4900;28;;;4896.0;-45.75
-1;72600;BANANAS;4895;4;4892;24;;;4899;24;;;;;4897.0;-44.08203
-1;72600;PEARLS;9996;2;9995;22;;;10004;2;10005;22;;;10000.0;590.0
-1;72700;PEARLS;9995;29;;;;;10005;29;;;;;10000.0;590.0
-1;72700;BANANAS;4892;29;;;;;4899;29;;;;;4895.5;-48.214844
-1;72800;PEARLS;9995;30;;;;;10005;30;;;;;10000.0;590.0
-1;72800;BANANAS;4893;30;;;;;4900;30;;;;;4896.5;-50.597656
-1;72900;PEARLS;9996;1;9995;23;;;10004;1;10005;23;;;10000.0;590.0
-1;72900;BANANAS;4893;24;;;;;4899;24;;;;;4896.0;-52.61328
-1;73000;BANANAS;4893;26;;;;;4900;26;;;;;4896.5;-54.64453
-1;73000;PEARLS;9996;2;9995;24;;;10004;2;10005;24;;;10000.0;590.0
-1;73100;PEARLS;9996;2;9995;24;;;10002;5;10004;2;10005;24;9999.0;590.0
-1;73100;BANANAS;4893;26;;;;;4897;5;4899;26;;;4895.0;-55.722656
-1;73200;PEARLS;9996;1;9995;30;;;10004;1;10005;30;;;10000.0;590.0
-1;73200;BANANAS;4893;31;;;;;4900;31;;;;;4896.5;-61.515625
-1;73300;PEARLS;9996;2;9995;22;;;10004;2;10005;22;;;10000.0;590.0
-1;73300;BANANAS;4897;2;4893;24;;;4900;24;;;;;4898.5;-58.058594
-1;73400;BANANAS;4893;30;;;;;4898;6;4899;1;4900;29;4895.5;-150.65625
-1;73400;PEARLS;9996;1;9995;29;;;9998;1;10002;6;10004;1;9997.0;590.0
-1;73500;BANANAS;4893;21;;;;;4899;21;;;;;4896.0;-154.82422
-1;73500;PEARLS;9995;21;;;;;9998;1;10005;21;;;9996.5;592.0
-1;73600;PEARLS;10002;1;9995;21;;;10005;21;;;;;10003.5;594.0
-1;73600;BANANAS;4893;21;;;;;4900;21;;;;;4896.5;-147.61719
-1;73700;BANANAS;4898;1;4892;20;;;4899;20;;;;;4898.5;-146.41016
-1;73700;PEARLS;9995;20;;;;;9998;10;10005;20;;;9996.5;596.0
-1;73800;BANANAS;4893;6;4892;27;;;4899;27;;;;;4896.0;-189.17969
-1;73800;PEARLS;10002;1;9998;6;9995;27;10005;27;;;;;10003.5;616.0
-1;73900;BANANAS;4893;5;4892;22;;;4899;24;;;;;4896.0;-194.7461
-1;73900;PEARLS;9998;3;9996;2;9995;22;10004;2;10005;22;;;10001.0;618.0
-1;74000;PEARLS;9995;21;;;;;10005;21;;;;;10000.0;618.0
-1;74000;BANANAS;4892;21;;;;;4895;3;4899;21;;;4893.5;-195.01562
-1;74100;BANANAS;4892;28;;;;;4898;26;;;;;4895.0;-195.29688
-1;74100;PEARLS;9998;2;9996;2;9995;24;10004;2;10005;24;;;10001.0;618.0
-1;74200;BANANAS;4891;29;;;;;4898;29;;;;;4894.5;-193.42969
-1;74200;PEARLS;9995;29;;;;;10005;29;;;;;10000.0;618.0
-1;74300;BANANAS;4891;24;;;;;4892;11;4898;24;;;4891.5;-192.73047
-1;74300;PEARLS;9995;24;;;;;10005;24;;;;;10000.0;618.0
-1;74400;PEARLS;9995;21;;;;;10005;21;;;;;10000.0;618.0
-1;74400;BANANAS;4891;20;;;;;4898;21;;;;;4894.5;346.0
-1;74500;BANANAS;4894;1;4891;27;;;4897;27;;;;;4895.5;346.0
-1;74500;PEARLS;9995;27;;;;;10005;27;;;;;10000.0;618.0
-1;74600;BANANAS;4891;1;4890;27;;;4897;29;;;;;4894.0;346.0
-1;74600;PEARLS;9996;2;9995;27;;;10004;2;10005;27;;;10000.0;618.0
-1;74700;BANANAS;4890;22;;;;;4896;2;4897;20;;;4893.0;346.0
-1;74700;PEARLS;9996;2;9995;20;;;9998;1;10004;2;10005;20;9997.0;618.0
-1;74800;PEARLS;9996;2;9995;22;;;9998;2;10004;2;10005;22;9997.0;620.0
-1;74800;BANANAS;4890;24;;;;;4896;24;;;;;4893.0;346.0
-1;74900;BANANAS;4890;22;;;;;4895;3;4896;1;4897;21;4892.5;346.0
-1;74900;PEARLS;9996;1;9995;21;;;9998;1;10002;3;10004;1;9997.0;624.0
-1;75000;BANANAS;4890;25;;;;;4896;25;;;;;4893.0;346.0
-1;75000;PEARLS;9996;2;9995;23;;;10004;2;10005;23;;;10000.0;624.0
-1;75100;BANANAS;4891;5;4890;23;;;4897;23;;;;;4894.0;346.0
-1;75100;PEARLS;10002;1;10000;4;9998;5;10004;2;10005;21;;;10003.0;624.0
-1;75200;PEARLS;9996;1;9995;28;;;10004;1;10005;28;;;10000.0;626.0
-1;75200;BANANAS;4895;13;4890;29;;;4897;29;;;;;4896.0;346.0
-1;75300;BANANAS;4891;27;;;;;4892;1;4898;27;;;4891.5;346.0
-1;75300;PEARLS;9995;27;;;;;10005;27;;;;;10000.0;626.0
-1;75400;BANANAS;4896;5;4892;28;;;4899;28;;;;;4897.5;394.26514
-1;75400;PEARLS;9996;2;9995;26;;;10004;2;10005;26;;;10000.0;626.0
-1;75500;BANANAS;4892;24;;;;;4898;24;;;;;4895.0;174.46484
-1;75500;PEARLS;9996;1;9995;23;;;10004;1;10005;23;;;10000.0;626.0
-1;75600;PEARLS;9995;30;;;;;10002;9;10005;30;;;9998.5;626.0
-1;75600;BANANAS;4892;30;;;;;4897;9;4899;30;;;4894.5;174.11523
-1;75700;BANANAS;4892;20;;;;;4897;1;4899;20;;;4894.5;173.92969
-1;75700;PEARLS;9995;20;;;;;10002;1;10005;20;;;9998.5;626.0
-1;75800;BANANAS;4892;31;;;;;4899;31;;;;;4895.5;177.72461
-1;75800;PEARLS;9996;2;9995;29;;;10004;2;10005;29;;;10000.0;626.0
-1;75900;BANANAS;4892;21;;;;;4895;1;4898;21;;;4893.5;176.4375
-1;75900;PEARLS;9996;1;9995;20;;;10004;1;10005;20;;;10000.0;626.0
-1;76000;PEARLS;10000;4;9995;21;;;10002;9;10005;21;;;10001.0;626.0
-1;76000;BANANAS;4892;21;;;;;4897;9;4898;21;;;4894.5;176.0039
-1;76100;BANANAS;4892;26;;;;;4898;1;4899;25;;;4895.0;175.73633
-1;76100;PEARLS;9996;1;9995;25;;;10004;1;10005;25;;;10000.0;626.0
-1;76200;BANANAS;4892;20;;;;;4899;20;;;;;4895.5;174.72461
-1;76200;PEARLS;9995;20;;;;;10005;20;;;;;10000.0;626.0
-1;76300;BANANAS;4892;22;;;;;4893;1;4899;22;;;4892.5;176.76562
-1;76300;PEARLS;9996;1;9995;21;;;9998;12;10004;1;10005;21;9997.0;626.0
-1;76400;BANANAS;4893;2;4892;26;;;4899;28;;;;;4896.0;225.01172
-1;76400;PEARLS;9996;2;9995;26;;;10004;2;10005;26;;;10000.0;626.0
-1;76500;PEARLS;9996;1;9995;20;;;10004;1;10005;20;;;10000.0;626.0
-1;76500;BANANAS;4893;21;;;;;4899;1;4900;20;;;4896.0;226.8418
-1;76600;BANANAS;4898;1;4893;30;;;4900;30;;;;;4899.0;227.8711
-1;76600;PEARLS;9995;30;;;;;10005;30;;;;;10000.0;626.0
-1;76700;BANANAS;4894;1;4893;26;;;4900;26;;;;;4897.0;186.36914
-1;76700;PEARLS;9998;1;9996;1;9995;25;10004;1;10005;25;;;10001.0;626.0
-1;76800;PEARLS;9996;2;9995;25;;;10004;2;10005;25;;;10000.0;626.0
-1;76800;BANANAS;4893;27;;;;;4894;1;4900;27;;;4893.5;185.28125
-1;76900;PEARLS;9996;2;9995;21;;;10004;2;10005;21;;;10000.0;626.0
-1;76900;BANANAS;4894;2;4893;21;;;4900;23;;;;;4897.0;229.79004
-1;77000;PEARLS;9996;2;9995;30;;;10004;2;10005;30;;;10000.0;626.0
-1;77000;BANANAS;4894;2;4893;30;;;4900;32;;;;;4897.0;230.51367
-1;77100;BANANAS;4894;29;;;;;4900;30;;;;;4897.0;229.72266
-1;77100;PEARLS;9996;1;9995;29;;;10004;1;10005;29;;;10000.0;626.0
-1;77200;PEARLS;9996;1;9995;29;;;10004;1;10005;29;;;10000.0;626.0
-1;77200;BANANAS;4894;30;;;;;4901;30;;;;;4897.5;231.71094
-1;77300;PEARLS;9996;1;9995;23;;;10004;1;10005;23;;;10000.0;626.0
-1;77300;BANANAS;4895;1;4894;23;;;4901;24;;;;;4898.0;230.44727
-1;77400;PEARLS;9996;1;9995;21;;;10004;1;10005;21;;;10000.0;626.0
-1;77400;BANANAS;4894;22;;;;;4901;22;;;;;4897.5;231.13184
-1;77500;BANANAS;4895;28;;;;;4901;28;;;;;4898.0;230.61621
-1;77500;PEARLS;9996;2;9995;26;;;9998;3;10004;2;10005;26;9997.0;626.0
-1;77600;PEARLS;9996;1;9995;30;;;10004;1;10005;30;;;10000.0;626.0
-1;77600;BANANAS;4894;31;;;;;4901;31;;;;;4897.5;230.79785
-1;77700;PEARLS;9998;4;9995;28;;;10005;28;;;;;10001.5;626.0
-1;77700;BANANAS;4895;5;4894;28;;;4901;28;;;;;4898.0;232.19922
-1;77800;PEARLS;9995;29;;;;;10005;29;;;;;10000.0;626.0
-1;77800;BANANAS;4894;29;;;;;4901;29;;;;;4897.5;231.53516
-1;77900;PEARLS;9996;2;9995;24;;;9998;1;10004;2;10005;24;9997.0;626.0
-1;77900;BANANAS;4895;2;4894;24;;;4901;26;;;;;4898.0;229.02246
-1;78000;BANANAS;4895;2;4894;27;;;4901;28;;;;;4898.0;228.88672
-1;78000;PEARLS;9998;2;9996;1;9995;27;10004;1;10005;27;;;10001.0;628.0
-1;78100;PEARLS;10002;1;9998;4;9996;1;10004;1;10005;30;;;10003.0;628.0
-1;78100;BANANAS;4896;4;4895;31;;;4901;31;;;;;4898.5;229.10449
-1;78200;PEARLS;9998;8;9996;1;9995;27;10004;1;10005;27;;;10001.0;630.0
-1;78200;BANANAS;4895;8;4894;28;;;4901;28;;;;;4898.0;60.882812
-1;78300;PEARLS;9998;3;9995;28;;;10005;28;;;;;10001.5;630.0
-1;78300;BANANAS;4895;3;4894;28;;;4900;28;;;;;4897.5;61.304688
-1;78400;BANANAS;4894;28;;;;;4900;2;4901;26;;;4897.0;58.703125
-1;78400;PEARLS;9996;2;9995;26;;;10004;2;10005;26;;;10000.0;630.0
-1;78500;PEARLS;9995;21;;;;;10005;21;;;;;10000.0;630.0
-1;78500;BANANAS;4893;21;;;;;4900;21;;;;;4896.5;63.507812
-1;78600;PEARLS;9996;2;9995;30;;;10004;2;10005;30;;;10000.0;630.0
-1;78600;BANANAS;4894;32;;;;;4900;32;;;;;4897.0;62.515625
-1;78700;PEARLS;9995;21;;;;;10005;21;;;;;10000.0;630.0
-1;78700;BANANAS;4893;21;;;;;4900;21;;;;;4896.5;66.02344
-1;78800;BANANAS;4900;1;4897;2;4895;2;4901;29;;;;;4900.5;64.47266
-1;78800;PEARLS;10002;8;9996;2;9995;27;10004;2;10005;27;;;10003.0;630.0
-1;78900;PEARLS;9996;1;9995;29;;;10004;1;10005;29;;;10000.0;646.0
-1;78900;BANANAS;4894;1;4893;29;;;4900;30;;;;;4897.0;23.125
-1;79000;PEARLS;9996;1;9995;23;;;10004;1;10005;23;;;10000.0;646.0
-1;79000;BANANAS;4894;24;;;;;4901;24;;;;;4897.5;24.234375
-1;79100;PEARLS;9995;24;;;;;10005;24;;;;;10000.0;646.0
-1;79100;BANANAS;4894;24;;;;;4895;1;4901;24;;;4894.5;28.78125
