day;timestamp;product;bid_price_1;bid_volume_1;bid_price_2;bid_volume_2;bid_price_3;bid_volume_3;ask_price_1;ask_volume_1;ask_price_2;ask_volume_2;ask_price_3;ask_volume_3;mid_price;profit_and_loss
-1;0;PEARLS;9998;1;9995;30;;;10005;30;;;;;10001.5;0.0
-1;0;BANANAS;4893;1;4892;30;;;4899;30;;;;;4896.0;0.0
-1;100;PEARLS;9996;1;9995;30;;;10002;6;10004;1;10005;30;9999.0;0.0
-1;100;BANANAS;4892;31;;;;;4896;7;4898;31;;;4894.0;0.0
-1;200;BANANAS;4892;22;;;;;4899;22;;;;;4895.5;365.4336
-1;200;PEARLS;9996;1;9995;21;;;10004;1;10005;21;;;10000.0;0.0
-1;300;PEARLS;9996;2;9995;23;;;9998;3;10004;2;10005;23;9997.0;0.0
-1;300;BANANAS;4893;25;;;;;4899;2;4900;23;;;4896.0;366.77344
-1;400;PEARLS;9998;5;9996;2;9995;23;10004;2;10005;23;;;10001.0;6.0
-1;400;BANANAS;4894;5;4893;25;;;4899;25;;;;;4896.5;467.96484
-1;500;PEARLS;10002;1;9996;2;9995;22;10004;2;10005;22;;;10003.0;6.0
-1;500;BANANAS;4893;24;;;;;4899;24;;;;;4896.0;464.9961
-1;600;BANANAS;4892;26;;;;;4897;9;4899;26;;;4894.5;468.5039
-1;600;PEARLS;9996;2;9995;24;;;10002;9;10004;2;10005;24;9999.0;8.0
-1;700;PEARLS;9998;7;9995;27;;;10005;27;;;;;10001.5;8.0
-1;700;BANANAS;4892;7;4891;27;;;4898;27;;;;;4895.0;930.4219
-1;800;PEARLS;9995;26;;;;;10005;26;;;;;10000.0;8.0
-1;800;BANANAS;4891;26;;;;;4898;26;;;;;4894.5;908.4844
-1;900;BANANAS;4892;2;4891;27;;;4898;29;;;;;4895.0;898.8594
-1;900;PEARLS;9996;2;9995;27;;;10004;2;10005;27;;;10000.0;8.0
-1;1000;BANANAS;4891;28;;;;;4897;2;4898;26;;;4894.0;903.59375
-1;1000;PEARLS;9996;2;9995;26;;;10004;2;10005;26;;;10000.0;8.0
-1;1100;BANANAS;4891;25;;;;;4898;25;;;;;4894.5;1005.0156
-1;1100;PEARLS;9996;2;9995;23;;;10004;2;10005;23;;;10000.0;8.0
-1;1200;PEARLS;9998;9;9996;2;9995;28;10004;2;10005;28;;;10001.0;8.0
-1;1200;BANANAS;4892;9;4891;30;;;4898;30;;;;;4895.0;1012.125
-1;1300;PEARLS;9996;1;9995;27;;;10004;1;10005;27;;;10000.0;8.0
-1;1300;BANANAS;4891;1;4890;27;;;4892;4;4897;28;;;4891.5;1016.27344
-1;1400;BANANAS;4891;1;4890;24;;;4897;26;;;;;4894.0;1027.1875
-1;1400;PEARLS;9996;2;9995;24;;;10004;2;10005;24;;;10000.0;8.0
-1;1500;PEARLS;10002;1;9996;2;9995;20;10004;2;10005;20;;;10003.0;8.0
-1;1500;BANANAS;4896;1;4891;2;4890;20;4897;22;;;;;4896.5;1019.1406
-1;1600;PEARLS;9996;1;9995;22;;;10004;1;10005;22;;;10000.0;10.0
-1;1600;BANANAS;4891;23;;;;;4897;23;;;;;4894.0;1025.9297
-1;1700;PEARLS;9995;27;;;;;10005;27;;;;;10000.0;10.0
-1;1700;BANANAS;4890;27;;;;;4893;2;4897;27;;;4891.5;1041.8438
-1;1800;BANANAS;4891;2;4890;25;;;4897;27;;;;;4894.0;1038.6562
-1;1800;PEARLS;9996;2;9995;25;;;10004;2;10005;25;;;10000.0;10.0
-1;1900;PEARLS;9996;2;9995;29;;;10004;2;10005;29;;;10000.0;10.0
-1;1900;BANANAS;4890;31;;;;;4897;31;;;;;4893.5;1028.6406
-1;2000;PEARLS;9996;1;9995;25;;;10002;7;10004;1;10005;25;9999.0;10.0
-1;2000;BANANAS;4890;26;;;;;4895;7;4896;1;4897;25;4892.5;1027.8906
-1;2100;PEARLS;9995;23;;;;;10005;23;;;;;10000.0;10.0
-1;2100;BANANAS;4890;23;;;;;4897;23;;;;;4893.5;1031.5859
-1;2200;BANANAS;4890;2;4889;30;;;4896;32;;;;;4893.0;1036.9844
-1;2200;PEARLS;9996;2;9995;30;;;10004;2;10005;30;;;10000.0;10.0
-1;2300;PEARLS;9996;2;9995;22;;;10004;2;10005;22;;;10000.0;10.0
-1;2300;BANANAS;4890;2;4889;22;;;4896;24;;;;;4893.0;1041.4297
-1;2400;PEARLS;9998;4;9996;2;9995;23;10004;2;10005;23;;;10001.0;10.0
-1;2400;BANANAS;4894;3;4890;6;4889;23;4896;25;;;;;4895.0;1065.7656
-1;2500;BANANAS;4890;21;;;;;4891;5;4896;1;4897;20;4890.5;1059.0312
-1;2500;PEARLS;9996;1;9995;20;;;10004;1;10005;20;;;10000.0;10.0
-1;2600;BANANAS;4889;25;;;;;4896;25;;;;;4892.5;1053.1484
-1;2600;PEARLS;9995;25;;;;;10005;25;;;;;10000.0;10.0
-1;2700;BANANAS;4890;10;4889;24;;;4896;25;;;;;4893.0;1058.8438
-1;2700;PEARLS;9998;4;9996;1;9995;24;10004;1;10005;24;;;10001.0;10.0
-1;2800;PEARLS;9998;5;9995;29;;;10005;29;;;;;10001.5;10.0
-1;2800;BANANAS;4895;1;4891;5;4890;29;4897;29;;;;;4896.0;1054.5547
-1;2900;BANANAS;4891;25;;;;;4897;25;;;;;4894.0;1050.9766
-1;2900;PEARLS;10002;10;9996;2;9995;23;10004;2;10005;23;;;10003.0;10.0
-1;3000;BANANAS;4891;31;;;;;4897;31;;;;;4894.0;1051.8438
-1;3000;PEARLS;9996;2;9995;29;;;10004;2;10005;29;;;10000.0;30.0
-1;3100;BANANAS;4891;27;;;;;4897;2;4898;26;;;4894.0;1064.625
-1;3100;PEARLS;9996;2;9995;26;;;10004;2;10005;26;;;10000.0;30.0
-1;3200;PEARLS;9996;2;9995;30;;;10002;6;10004;2;10005;30;9999.0;30.0
-1;3200;BANANAS;4891;32;;;;;4896;6;4898;32;;;4893.5;1059.7891
-1;3300;BANANAS;4891;28;;;;;4897;2;4898;26;;;4894.0;1048.7656
-1;3300;PEARLS;9996;2;9995;26;;;10004;2;10005;26;;;10000.0;30.0
-1;3400;BANANAS;4891;29;;;;;4897;2;4898;27;;;4894.0;1051.7422
-1;3400;PEARLS;9996;2;9995;27;;;10004;2;10005;27;;;10000.0;30.0
-1;3500;BANANAS;4891;30;;;;;4896;9;4897;2;4898;28;4893.5;1055.4688
-1;3500;PEARLS;9996;2;9995;28;;;10002;9;10004;2;10005;28;9999.0;30.0
-1;3600;PEARLS;9995;21;;;;;9998;1;10005;21;;;9996.5;30.0
-1;3600;BANANAS;4891;21;;;;;4898;21;;;;;4894.5;1067.75
-1;3700;BANANAS;4892;31;;;;;4896;6;4898;31;;;4894.0;1067.6562
-1;3700;PEARLS;9996;2;9995;29;;;10000;5;10002;7;10004;2;9998.0;32.0
-1;3800;BANANAS;4892;30;;;;;4898;1;4899;29;;;4895.0;1066.875
-1;3800;PEARLS;10002;1;9996;1;9995;29;10004;1;10005;29;;;10003.0;32.0
-1;3900;BANANAS;4893;1;4892;25;;;4898;25;;;;;4895.5;1064.5
-1;3900;PEARLS;9998;1;9995;25;;;10005;25;;;;;10001.5;34.0
-1;4000;PEARLS;10002;9;9996;2;9995;27;10004;2;10005;27;;;10003.0;34.0
-1;4000;BANANAS;4892;2;4891;27;;;4898;29;;;;;4895.0;1063.9766
-1;4100;BANANAS;4892;24;;;;;4899;24;;;;;4895.5;1056.9141
-1;4100;PEARLS;9996;1;9995;23;;;10004;1;10005;23;;;10000.0;52.0
-1;4200;BANANAS;4892;26;;;;;4893;10;4899;28;;;4892.5;1056.6094
-1;4200;PEARLS;9996;2;9995;26;;;10004;2;10005;26;;;10000.0;52.0
-1;4300;BANANAS;4892;31;;;;;4899;31;;;;;4895.5;1046.75
-1;4300;PEARLS;9996;2;9995;29;;;10004;2;10005;29;;;10000.0;52.0
-1;4400;PEARLS;9996;1;9995;26;;;9998;1;10004;1;10005;26;9997.0;52.0
-1;4400;BANANAS;4892;26;;;;;4899;27;;;;;4895.5;1051.5859
-1;4500;BANANAS;4892;27;;;;;4899;27;;;;;4895.5;1050.9297
-1;4500;PEARLS;9995;27;;;;;10005;27;;;;;10000.0;54.0
-1;4600;BANANAS;4893;1;4892;21;;;4899;22;;;;;4896.0;1053.2969
-1;4600;PEARLS;9996;1;9995;21;;;10004;1;10005;21;;;10000.0;54.0
-1;4700;BANANAS;4892;27;;;;;4893;8;4899;27;;;4892.5;1048.0312
-1;4700;PEARLS;9998;4;9996;1;9995;26;10004;1;10005;26;;;10001.0;54.0
-1;4800;PEARLS;10002;3;9996;1;9995;24;10004;1;10005;24;;;10003.0;54.0
-1;4800;BANANAS;4898;1;4893;1;4892;24;4899;25;;;;;4898.5;1047.8516
-1;4900;BANANAS;4893;22;;;;;4899;22;;;;;4896.0;1043.2969
-1;4900;PEARLS;9995;22;;;;;9998;4;10005;22;;;9996.5;60.0
-1;5000;BANANAS;4893;4;4892;22;;;4899;23;;;;;4896.0;1057.5781
-1;5000;PEARLS;9998;3;9996;1;9995;22;10004;1;10005;22;;;10001.0;68.0
-1;5100;BANANAS;4894;7;4893;25;;;4899;25;;;;;4896.5;1061.9844
-1;5100;PEARLS;10002;1;9998;9;9995;25;10005;25;;;;;10003.5;68.0
-1;5200;PEARLS;9996;2;9995;22;;;10004;2;10005;22;;;10000.0;70.0
-1;5200;BANANAS;4893;24;;;;;4900;24;;;;;4896.5;1060.0391
-1;5300;PEARLS;9995;25;;;;;10005;25;;;;;10000.0;70.0
-1;5300;BANANAS;4893;25;;;;;4900;25;;;;;4896.5;1064.2422
-1;5400;BANANAS;4894;27;;;;;4899;8;4901;27;;;4896.5;1069.5
-1;5400;PEARLS;9995;27;;;;;10000;6;10002;8;10005;27;9997.5;70.0
-1;5500;BANANAS;4895;1;4894;29;;;4901;30;;;;;4898.0;1070.6094
-1;5500;PEARLS;9996;1;9995;29;;;10004;1;10005;29;;;10000.0;70.0
-1;5600;BANANAS;4896;8;4895;27;;;4901;1;4902;26;;;4898.5;1060.7812
-1;5600;PEARLS;10002;1;9998;8;9996;1;10004;1;10005;26;;;10003.0;70.0
-1;5700;PEARLS;9998;4;9996;2;9995;23;10004;2;10005;23;;;10001.0;72.0
-1;5700;BANANAS;4897;2;4896;4;4895;25;4901;25;;;;;4899.0;1075.3047
-1;5800;PEARLS;10002;1;9998;10;9995;24;10005;24;;;;;10003.5;72.0
-1;5800;BANANAS;4900;1;4895;10;4894;24;4901;24;;;;;4900.5;1074.875
-1;5900;BANANAS;4895;21;;;;;4901;21;;;;;4898.0;1071.7344
-1;5900;PEARLS;10000;5;9996;1;9995;20;10004;1;10005;20;;;10002.0;74.0
-1;6000;PEARLS;9996;2;9995;22;;;9998;4;10004;2;10005;22;9997.0;74.0
-1;6000;BANANAS;4895;2;4894;22;;;4901;24;;;;;4898.0;1068.2344
-1;6100;PEARLS;9996;1;9995;24;;;10000;5;10002;2;10004;1;9998.0;82.0
-1;6100;BANANAS;4895;1;4894;24;;;4899;2;4901;25;;;4897.0;1074.4766
-1;6200;PEARLS;9996;1;9995;29;;;10004;1;10005;29;;;10000.0;82.0
-1;6200;BANANAS;4894;29;;;;;4895;12;4901;30;;;4894.5;1071.8203
-1;6300;BANANAS;4894;24;;;;;4901;25;;;;;4897.5;1076.1172
-1;6300;PEARLS;9995;25;;;;;10005;25;;;;;10000.0;82.0
-1;6400;PEARLS;10000;4;9995;23;;;10005;23;;;;;10002.5;82.0
-1;6400;BANANAS;4894;23;;;;;4901;23;;;;;4897.5;1078.1875
-1;6500;PEARLS;9995;20;;;;;10005;20;;;;;10000.0;82.0
-1;6500;BANANAS;4894;20;;;;;4901;20;;;;;4897.5;1082.1797
-1;6600;PEARLS;9996;1;9995;26;;;10004;1;10005;26;;;10000.0;82.0
-1;6600;BANANAS;4894;27;;;;;4901;27;;;;;4897.5;1090.2656
-1;6700;BANANAS;4894;28;;;;;4900;2;4901;26;;;4897.0;1085.7812
-1;6700;PEARLS;10002;4;9996;2;9995;26;10004;2;10005;26;;;10003.0;82.0
-1;6800;BANANAS;4894;1;4893;24;;;4899;1;4900;23;;;4896.5;1072.5234
-1;6800;PEARLS;9998;1;9996;1;9995;23;10004;1;10005;23;;;10001.0;90.0
-1;6900;PEARLS;9995;28;;;;;10005;28;;;;;10000.0;90.0
-1;6900;BANANAS;4898;1;4897;4;4893;28;4900;28;;;;;4899.0;1068.8203
-1;7000;PEARLS;10000;6;9998;7;9996;2;10004;2;10005;27;;;10002.0;90.0
-1;7000;BANANAS;4894;9;4893;27;;;4900;29;;;;;4897.0;1070.2266
-1;7100;PEARLS;9996;1;9995;29;;;10004;1;10005;29;;;10000.0;90.0
-1;7100;BANANAS;4893;30;;;;;4900;30;;;;;4896.5;1073.8516
-1;7200;BANANAS;4893;23;;;;;4899;2;4900;21;;;4896.0;1077.3594
-1;7200;PEARLS;9996;2;9995;21;;;10004;2;10005;21;;;10000.0;90.0
-1;7300;PEARLS;9996;2;9995;23;;;10002;4;10004;2;10005;23;9999.0;90.0
-1;7300;BANANAS;4893;25;;;;;4898;4;4900;25;;;4895.5;1069.3672
-1;7400;PEARLS;10002;1;9996;2;9995;28;10004;2;10005;28;;;10003.0;90.0
-1;7400;BANANAS;4894;30;;;;;4900;2;4901;28;;;4897.0;1065.9062
-1;7500;PEARLS;9995;29;;;;;10005;29;;;;;10000.0;92.0
-1;7500;BANANAS;4894;29;;;;;4901;29;;;;;4897.5;1063.4297
-1;7600;BANANAS;4895;2;4894;24;;;4901;26;;;;;4898.0;1050.7188
-1;7600;PEARLS;9996;2;9995;24;;;10004;2;10005;24;;;10000.0;92.0
-1;7700;PEARLS;9995;28;;;;;10005;28;;;;;10000.0;92.0
-1;7700;BANANAS;4900;1;4894;28;;;4901;28;;;;;4900.5;1037.1406
-1;7800;PEARLS;9996;1;9995;22;;;10004;1;10005;22;;;10000.0;92.0
-1;7800;BANANAS;4900;1;4895;1;4894;22;4901;23;;;;;4900.5;1047.5156
-1;7900;PEARLS;9996;1;9995;25;;;10002;4;10004;1;10005;25;9999.0;92.0
-1;7900;BANANAS;4895;26;;;;;4900;4;4901;1;4902;25;4897.5;1037.7031
-1;8000;BANANAS;4896;23;;;;;4902;23;;;;;4899.0;1036.6641
-1;8000;PEARLS;9996;1;9995;22;;;10004;1;10005;22;;;10000.0;92.0
-1;8100;PEARLS;9995;22;;;;;10005;22;;;;;10000.0;92.0
-1;8100;BANANAS;4896;22;;;;;4902;22;;;;;4899.0;1031.0156
-1;8200;PEARLS;9995;20;;;;;9998;1;10002;2;10005;20;9996.5;92.0
-1;8200;BANANAS;4896;20;;;;;4903;20;;;;;4899.5;1030.0703
-1;8300;PEARLS;10002;1;9998;6;9996;1;10004;1;10005;26;;;10003.0;94.0
-1;8300;BANANAS;4897;7;4896;26;;;4903;27;;;;;4900.0;1028.5781
-1;8400;BANANAS;4897;26;;;;;4904;26;;;;;4900.5;1022.59375
-1;8400;PEARLS;9995;26;;;;;10005;26;;;;;10000.0;96.0
-1;8500;PEARLS;9995;30;;;;;10005;30;;;;;10000.0;96.0
-1;8500;BANANAS;4899;5;4896;30;;;4903;30;;;;;4901.0;1011.71875
-1;8600;PEARLS;9996;1;9995;22;;;10004;1;10005;22;;;10000.0;96.0
-1;8600;BANANAS;4896;23;;;;;4903;23;;;;;4899.5;1009.53125
-1;8700;PEARLS;9996;1;9995;29;;;10004;1;10005;29;;;10000.0;96.0
-1;8700;BANANAS;4896;30;;;;;4898;1;4903;30;;;4897.0;1030.3359
-1;8800;BANANAS;4896;23;;;;;4897;4;4903;23;;;4896.5;1035.1484
-1;8800;PEARLS;9995;23;;;;;9998;12;10005;23;;;9996.5;96.0
-1;8900;PEARLS;10002;5;9996;1;9995;26;10004;1;10005;26;;;10003.0;120.0
-1;8900;BANANAS;4896;27;;;;;4902;1;4903;26;;;4899.0;1030.1562
-1;9000;PEARLS;9995;23;;;;;10002;7;10005;23;;;9998.5;130.0
-1;9000;BANANAS;4895;23;;;;;4900;7;4902;23;;;4897.5;1036.0625
-1;9100;PEARLS;9996;1;9995;30;;;10004;1;10005;30;;;10000.0;130.0
-1;9100;BANANAS;4896;31;;;;;4899;3;4903;31;;;4897.5;1046.0391
-1;9200;BANANAS;4896;24;;;;;4901;3;4903;24;;;4898.5;1038.9688
-1;9200;PEARLS;9995;24;;;;;10002;3;10005;24;;;9998.5;130.0
-1;9300;PEARLS;9995;23;;;;;10005;23;;;;;10000.0;130.0
-1;9300;BANANAS;4895;23;;;;;4902;23;;;;;4898.5;1038.3984
-1;9400;PEARLS;9996;2;9995;22;;;10004;2;10005;22;;;10000.0;130.0
-1;9400;BANANAS;4895;24;;;;;4902;24;;;;;4898.5;1042.6484
-1;9500;PEARLS;9998;9;9996;1;9995;28;10004;1;10005;28;;;10001.0;130.0
-1;9500;BANANAS;4897;9;4896;29;;;4902;1;4903;28;;;4899.5;1040.6094
-1;9600;BANANAS;4896;19;;;;;4902;20;;;;;4899.0;1037.1016
-1;9600;PEARLS;9995;20;;;;;10005;20;;;;;10000.0;130.0
-1;9700;PEARLS;9998;3;9995;25;;;10005;25;;;;;10001.5;130.0
-1;9700;BANANAS;4897;3;4896;25;;;4903;25;;;;;4900.0;1042.2578
-1;9800;PEARLS;9995;21;;;;;10002;5;10005;21;;;9998.5;130.0
-1;9800;BANANAS;4895;21;;;;;4900;5;4902;21;;;4897.5;1040.9844
-1;9900;BANANAS;4895;22;;;;;4902;22;;;;;4898.5;1038.3906
-1;9900;PEARLS;9995;22;;;;;10005;22;;;;;10000.0;130.0
-1;10000;BANANAS;4896;8;4895;31;;;4902;31;;;;;4899.0;1035.5
-1;10000;PEARLS;9998;8;9996;2;9995;29;10004;2;10005;29;;;10001.0;130.0
-1;10100;BANANAS;4895;22;;;;;4902;22;;;;;4898.5;1038.25
-1;10100;PEARLS;9995;22;;;;;10005;22;;;;;10000.0;130.0
-1;10200;PEARLS;9996;2;9995;23;;;10004;2;10005;23;;;10000.0;130.0
-1;10200;BANANAS;4895;25;;;;;4901;2;4902;23;;;4898.0;1045.0469
-1;10300;PEARLS;9996;2;9995;20;;;10004;2;10005;20;;;10000.0;130.0
-1;10300;BANANAS;4895;22;;;;;4896;4;4901;2;4902;20;4895.5;1041.2734
-1;10400;BANANAS;4895;30;;;;;4902;30;;;;;4898.5;1051.1094
-1;10400;PEARLS;9995;30;;;;;10005;30;;;;;10000.0;130.0
-1;10500;PEARLS;9998;4;9996;1;9995;27;10004;1;10005;27;;;10001.0;130.0
-1;10500;BANANAS;4896;4;4895;28;;;4901;28;;;;;4898.5;1030.0391
-1;10600;PEARLS;9995;23;;;;;9998;2;10002;6;10005;23;9996.5;130.0
-1;10600;BANANAS;4895;23;;;;;4900;6;4902;23;;;4897.5;1030.4844
-1;10700;PEARLS;9998;1;9995;23;;;10005;23;;;;;10001.5;134.0
-1;10700;BANANAS;4896;1;4895;23;;;4902;23;;;;;4899.0;1035.7266
-1;10800;BANANAS;4896;3;4895;23;;;4902;23;;;;;4899.0;1050.2812
-1;10800;PEARLS;10002;1;9998;4;9995;23;10005;23;;;;;10003.5;134.0
-1;10900;PEARLS;9996;1;9995;29;;;10004;1;10005;29;;;10000.0;136.0
-1;10900;BANANAS;4895;1;4894;29;;;4901;30;;;;;4898.0;1061.5625
-1;11000;PEARLS;9996;1;9995;29;;;10004;1;10005;29;;;10000.0;136.0
-1;11000;BANANAS;4894;30;;;;;4900;1;4901;29;;;4897.0;1047.4141
-1;11100;PEARLS;9996;2;9995;29;;;10002;4;10004;2;10005;29;9999.0;136.0
-1;11100;BANANAS;4894;31;;;;;4899;4;4900;2;4901;29;4896.5;1046.2109
-1;11200;BANANAS;4894;29;;;;;4901;29;;;;;4897.5;1046.875
-1;11200;PEARLS;10002;1;9996;1;9995;28;10004;1;10005;28;;;10003.0;136.0
-1;11300;BANANAS;4898;1;4894;27;;;4900;1;4901;26;;;4899.0;1036.2188
-1;11300;PEARLS;9996;1;9995;26;;;10004;1;10005;26;;;10000.0;138.0
-1;11400;PEARLS;9998;2;9996;1;9995;23;10004;1;10005;23;;;10001.0;138.0
-1;11400;BANANAS;4895;3;4894;24;;;4900;1;4901;23;;;4897.5;1025.7422
-1;11500;BANANAS;4894;2;4893;28;;;4900;29;;;;;4897.0;1019.08594
-1;11500;PEARLS;9998;1;9996;1;9995;28;10004;1;10005;28;;;10001.0;138.0
-1;11600;BANANAS;4892;26;;;;;4899;26;;;;;4895.5;1013.9453
-1;11600;PEARLS;9995;26;;;;;10005;26;;;;;10000.0;138.0
-1;11700;BANANAS;4893;22;;;;;4899;1;4900;21;;;4896.0;1017.1094
-1;11700;PEARLS;9996;1;9995;21;;;10004;1;10005;21;;;10000.0;138.0
-1;11800;PEARLS;9995;21;;;;;10005;21;;;;;10000.0;138.0
-1;11800;BANANAS;4893;21;;;;;4900;21;;;;;4896.5;1018.1094
-1;11900;BANANAS;4893;25;;;;;4900;25;;;;;4896.5;1005.1719
-1;11900;PEARLS;9995;25;;;;;10005;25;;;;;10000.0;138.0
-1;12000;BANANAS;4893;25;;;;;4900;25;;;;;4896.5;998.39844
-1;12000;PEARLS;9995;25;;;;;10005;25;;;;;10000.0;138.0
-1;12100;BANANAS;4894;2;4893;20;;;4898;4;4900;22;;;4896.0;984.52344
-1;12100;PEARLS;9996;2;9995;20;;;10002;3;10004;2;10005;20;9999.0;138.0
-1;12200;PEARLS;9998;10;9996;2;9995;26;10004;2;10005;26;;;10001.0;138.0
-1;12200;BANANAS;4894;12;4893;26;;;4900;28;;;;;4897.0;994.72656
-1;12300;BANANAS;4893;24;;;;;4900;24;;;;;4896.5;990.6094
-1;12300;PEARLS;9996;1;9995;23;;;10000;5;10004;1;10005;23;9998.0;138.0
-1;12400;BANANAS;4893;30;;;;;4899;1;4900;29;;;4896.0;987.7578
-1;12400;PEARLS;9996;1;9995;29;;;10004;1;10005;29;;;10000.0;138.0
-1;12500;BANANAS;4892;31;;;;;4899;31;;;;;4895.5;987.8281
-1;12500;PEARLS;10002;5;9996;2;9995;29;10004;2;10005;29;;;10003.0;138.0
-1;12600;PEARLS;9998;5;9996;1;9995;30;10004;1;10005;30;;;10001.0;148.0
-1;12600;BANANAS;4893;5;4892;31;;;4898;1;4899;30;;;4895.5;983.53125
-1;12700;BANANAS;4892;31;;;;;4899;31;;;;;4895.5;993.47656
-1;12700;PEARLS;9996;2;9995;29;;;10004;2;10005;29;;;10000.0;148.0
-1;12800;BANANAS;4892;31;;;;;4896;3;4898;31;;;4894.0;996.7031
-1;12800;PEARLS;9996;1;9995;30;;;10002;3;10004;1;10005;30;9999.0;148.0
-1;12900;BANANAS;4892;24;;;;;4899;24;;;;;4895.5;1002.83594
-1;12900;PEARLS;9995;24;;;;;10005;24;;;;;10000.0;148.0
-1;13000;PEARLS;9995;27;;;;;10005;27;;;;;10000.0;148.0
-1;13000;BANANAS;4892;27;;;;;4899;27;;;;;4895.5;1000.66406
-1;13100;BANANAS;4892;30;;;;;4899;30;;;;;4895.5;1005.0469
-1;13100;PEARLS;9996;2;9995;28;;;10004;2;10005;28;;;10000.0;148.0
-1;13200;BANANAS;4892;28;;;;;4899;28;;;;;4895.5;999.34375
-1;13200;PEARLS;9995;28;;;;;10005;28;;;;;10000.0;148.0
-1;13300;BANANAS;4898;1;4893;2;4892;26;4899;28;;;;;4898.5;1004.5156
-1;13300;PEARLS;9996;2;9995;26;;;10004;2;10005;26;;;10000.0;148.0
-1;13400;PEARLS;10002;1;9996;1;9995;25;10004;1;10005;25;;;10003.0;148.0
-1;13400;BANANAS;4893;26;;;;;4900;26;;;;;4896.5;1005.6406
-1;13500;BANANAS;4896;4;4893;30;;;4898;9;4900;30;;;4897.0;1012.9375
-1;13500;PEARLS;9996;1;9995;29;;;10002;9;10004;1;10005;29;9999.0;150.0
-1;13600;BANANAS;4893;25;;;;;4899;2;4900;23;;;4896.0;1008.0078
-1;13600;PEARLS;9996;2;9995;23;;;10004;2;10005;23;;;10000.0;150.0
-1;13700;BANANAS;4896;5;4893;30;;;4897;7;4899;30;;;4896.5;1008.9531
-1;13700;PEARLS;10000;2;9996;2;9995;28;10002;7;10004;2;10005;28;10001.0;150.0
-1;13800;PEARLS;9996;1;9995;24;;;10004;1;10005;24;;;10000.0;150.0
-1;13800;BANANAS;4893;25;;;;;4899;1;4900;24;;;4896.0;989.64844
-1;13900;BANANAS;4893;20;;;;;4898;2;4900;20;;;4895.5;978.0469
-1;13900;PEARLS;9995;20;;;;;10002;2;10005;20;;;9998.5;150.0
-1;14000;BANANAS;4899;1;4894;27;;;4900;27;;;;;4899.5;978.22656
-1;14000;PEARLS;9996;1;9995;26;;;10004;1;10005;26;;;10000.0;150.0
-1;14100;BANANAS;4894;2;4893;22;;;4900;24;;;;;4897.0;970.3594
-1;14100;PEARLS;10000;3;9996;2;9995;22;10004;2;10005;22;;;10002.0;150.0
-1;14200;BANANAS;4894;2;4893;22;;;4900;24;;;;;4897.0;969.1094
-1;14200;PEARLS;9996;2;9995;22;;;10004;2;10005;22;;;10000.0;150.0
-1;14300;PEARLS;9996;2;9995;28;;;10004;2;10005;28;;;10000.0;150.0
-1;14300;BANANAS;4894;30;;;;;4900;30;;;;;4897.0;983.6875
-1;14400;BANANAS;4895;9;4894;23;;;4901;23;;;;;4898.0;977.0781
-1;14400;PEARLS;9998;9;9996;1;9995;22;10004;1;10005;22;;;10001.0;150.0
-1;14500;BANANAS;4893;23;;;;;4894;1;4900;23;;;4893.5;984.33594
-1;14500;PEARLS;9996;1;9995;22;;;10000;2;10004;1;10005;22;9998.0;150.0
-1;14600;PEARLS;9995;21;;;;;10002;3;10005;21;;;9998.5;150.0
-1;14600;BANANAS;4893;21;;;;;4898;3;4900;21;;;4895.5;977.9844
-1;14700;PEARLS;9998;5;9996;2;9995;24;10004;2;10005;24;;;10001.0;150.0
-1;14700;BANANAS;4894;5;4893;26;;;4900;26;;;;;4897.0;977.40625
-1;14800;PEARLS;9996;2;9995;21;;;10004;2;10005;21;;;10000.0;150.0
-1;14800;BANANAS;4894;1;4893;21;;;4900;23;;;;;4897.0;980.6953
-1;14900;BANANAS;4893;30;;;;;4898;8;4900;30;;;4895.5;978.09375
-1;14900;PEARLS;9996;2;9995;28;;;10002;8;10004;2;10005;28;9999.0;150.0
-1;15000;PEARLS;9996;1;9995;22;;;10004;1;10005;22;;;10000.0;150.0
-1;15000;BANANAS;4893;23;;;;;4894;1;4900;23;;;4893.5;973.5469
-1;15100;PEARLS;10002;1;9996;1;9995;25;10004;1;10005;25;;;10003.0;150.0
-1;15100;BANANAS;4899;1;4894;26;;;4900;1;4901;25;;;4899.5;980.66406
-1;15200;PEARLS;9998;3;9996;2;9995;23;10000;4;10004;2;10005;23;9999.0;152.0
-1;15200;BANANAS;4896;3;4894;5;4893;23;4900;25;;;;;4898.0;990.8125
-1;15300;BANANAS;4894;3;4893;24;;;4900;24;;;;;4897.0;980.3828
-1;15300;PEARLS;9998;3;9996;2;9995;22;10004;2;10005;22;;;10001.0;152.0
-1;15400;PEARLS;9996;2;9995;24;;;10002;4;10004;2;10005;24;9999.0;152.0
-1;15400;BANANAS;4893;26;;;;;4897;4;4899;26;;;4895.0;975.90625
-1;15500;PEARLS;9998;5;9995;20;;;10005;20;;;;;10001.5;152.0
-1;15500;BANANAS;4898;1;4893;5;4892;20;4899;20;;;;;4898.5;978.9375
-1;15600;PEARLS;9996;1;9995;23;;;10004;1;10005;23;;;10000.0;152.0
-1;15600;BANANAS;4892;24;;;;;4899;24;;;;;4895.5;990.41406
-1;15700;PEARLS;9996;2;9995;20;;;10004;2;10005;20;;;10000.0;152.0
-1;15700;BANANAS;4892;22;;;;;4899;22;;;;;4895.5;1006.8594
-1;15800;BANANAS;4893;9;4892;26;;;4899;26;;;;;4896.0;1005.2578
-1;15800;PEARLS;9998;5;9996;2;9995;24;10004;2;10005;24;;;10001.0;152.0
-1;15900;PEARLS;9998;10;9995;27;;;10005;27;;;;;10001.5;152.0
-1;15900;BANANAS;4893;10;4892;27;;;4899;27;;;;;4896.0;1013.8906
-1;16000;PEARLS;9996;2;9995;25;;;10002;7;10004;2;10005;25;9999.0;152.0
-1;16000;BANANAS;4892;27;;;;;4897;7;4899;27;;;4894.5;1024.0156
-1;16100;PEARLS;9998;4;9995;29;;;10005;29;;;;;10001.5;152.0
-1;16100;BANANAS;4894;4;4893;29;;;4900;29;;;;;4897.0;1019.2578
-1;16200;BANANAS;4893;21;;;;;4894;1;4900;21;;;4893.5;1019.09375
-1;16200;PEARLS;9995;21;;;;;10005;21;;;;;10000.0;152.0
-1;16300;PEARLS;9996;2;9995;29;;;10002;2;10004;2;10005;29;9999.0;152.0
-1;16300;BANANAS;4893;2;4892;29;;;4897;2;4899;31;;;4895.0;1015.02344
-1;16400;PEARLS;9996;2;9995;22;;;9998;1;10004;2;10005;22;9997.0;152.0
-1;16400;BANANAS;4893;24;;;;;4899;2;4900;22;;;4896.0;1020.5625
-1;16500;PEARLS;9996;2;9995;25;;;10004;2;10005;25;;;10000.0;154.0
-1;16500;BANANAS;4893;27;;;;;4900;27;;;;;4896.5;1018.89844
-1;16600;BANANAS;4893;25;;;;;4899;2;4900;23;;;4896.0;1023.25
-1;16600;PEARLS;9996;2;9995;23;;;10004;2;10005;23;;;10000.0;154.0
-1;16700;PEARLS;10002;3;9996;1;9995;23;10004;1;10005;23;;;10003.0;154.0
-1;16700;BANANAS;4893;23;;;;;4900;24;;;;;4896.5;1017.1797
-1;16800;PEARLS;9996;2;9995;30;;;10002;5;10004;2;10005;30;9999.0;154.0
-1;16800;BANANAS;4893;32;;;;;4898;5;4900;32;;;4895.5;1008.46875
-1;16900;PEARLS;9996;1;9995;23;;;10004;1;10005;23;;;10000.0;154.0
-1;16900;BANANAS;4894;1;4893;23;;;4900;24;;;;;4897.0;1009.9375
-1;17000;BANANAS;4893;23;;;;;4900;23;;;;;4896.5;1008.9297
-1;17000;PEARLS;9995;23;;;;;10005;23;;;;;10000.0;154.0
-1;17100;PEARLS;9998;6;9996;1;9995;30;10004;1;10005;30;;;10001.0;154.0
-1;17100;BANANAS;4894;6;4893;30;;;4900;31;;;;;4897.0;1021.5547
-1;17200;PEARLS;9998;6;9996;2;9995;24;10004;2;10005;24;;;10001.0;154.0
-1;17200;BANANAS;4894;6;4893;26;;;4900;26;;;;;4897.0;1026.3125
-1;17300;PEARLS;9995;28;;;;;9998;1;10002;3;10005;28;9996.5;154.0
-1;17300;BANANAS;4894;28;;;;;4895;2;4898;3;4900;28;4894.5;1037.2812
-1;17400;BANANAS;4893;25;;;;;4900;25;;;;;4896.5;1043.8906
-1;17400;PEARLS;9996;1;9995;24;;;10004;1;10005;24;;;10000.0;156.0
-1;17500;PEARLS;9996;1;9995;23;;;10004;1;10005;23;;;10000.0;156.0
-1;17500;BANANAS;4899;11;4894;24;;;4900;1;4901;23;;;4899.5;1051.1172
-1;17600;PEARLS;9995;27;;;;;10005;27;;;;;10000.0;156.0
-1;17600;BANANAS;4894;27;;;;;4901;27;;;;;4897.5;1034.0625
-1;17700;PEARLS;9996;1;9995;23;;;10004;1;10005;23;;;10000.0;156.0
-1;17700;BANANAS;4894;24;;;;;4901;24;;;;;4897.5;1027.7266
-1;17800;BANANAS;4894;23;;;;;4901;23;;;;;4897.5;1021.34375
-1;17800;PEARLS;9995;23;;;;;10005;23;;;;;10000.0;156.0
-1;17900;PEARLS;9998;8;9996;1;9995;29;10004;1;10005;29;;;10001.0;156.0
-1;17900;BANANAS;4895;9;4894;29;;;4901;30;;;;;4898.0;1020.5
-1;18000;PEARLS;9998;7;9996;2;9995;26;10004;2;10005;26;;;10001.0;156.0
-1;18000;BANANAS;4896;7;4895;28;;;4901;28;;;;;4898.5;1022.21094
-1;18100;PEARLS;9995;21;;;;;10005;21;;;;;10000.0;156.0
-1;18100;BANANAS;4895;21;;;;;4902;21;;;;;4898.5;1028.3828
-1;18200;BANANAS;4900;1;4895;1;4894;23;4901;24;;;;;4900.5;1029.7578
-1;18200;PEARLS;9996;1;9995;23;;;10004;1;10005;23;;;10000.0;156.0
-1;18300;PEARLS;9996;2;9995;27;;;10004;2;10005;27;;;10000.0;156.0
-1;18300;BANANAS;4894;29;;;;;4901;29;;;;;4897.5;1011.58594
-1;18400;PEARLS;9996;1;9995;29;;;10004;1;10005;29;;;10000.0;156.0
-1;18400;BANANAS;4894;30;;;;;4900;1;4901;29;;;4897.0;1024.5547
-1;18500;PEARLS;9998;3;9996;2;9995;30;10004;2;10005;30;;;10001.0;156.0
-1;18500;BANANAS;4894;5;4893;30;;;4900;32;;;;;4897.0;1024.3203
-1;18600;BANANAS;4894;1;4893;30;;;4898;10;4900;31;;;4896.0;1026.7422
-1;18600;PEARLS;9996;1;9995;30;;;10002;9;10004;1;10005;30;9999.0;156.0
-1;18700;BANANAS;4894;27;;;;;4900;2;4901;25;;;4897.0;1023.9531
-1;18700;PEARLS;10002;9;9996;2;9995;25;10004;2;10005;25;;;10003.0;156.0
-1;18800;PEARLS;9996;2;9995;22;;;10004;2;10005;22;;;10000.0;156.0
-1;18800;BANANAS;4895;24;;;;;4901;24;;;;;4898.0;1031.4766
-1;18900;BANANAS;4894;28;;;;;4901;28;;;;;4897.5;1036.9688
-1;18900;PEARLS;9996;1;9995;27;;;10004;1;10005;27;;;10000.0;156.0
-1;19000;BANANAS;4894;24;;;;;4899;7;4901;25;;;4896.5;1027.4453
-1;19000;PEARLS;9995;25;;;;;10002;7;10005;25;;;9998.5;156.0
-1;19100;PEARLS;9996;1;9995;28;;;10000;5;10004;1;10005;28;9998.0;156.0
-1;19100;BANANAS;4894;29;;;;;4900;1;4901;28;;;4897.0;1025.0781
-1;19200;PEARLS;9996;1;9995;28;;;10002;7;10004;1;10005;28;9999.0;156.0
-1;19200;BANANAS;4894;29;;;;;4899;7;4900;1;4901;28;4896.5;1030.4531
-1;19300;PEARLS;9996;2;9995;30;;;10004;2;10005;30;;;10000.0;156.0
-1;19300;BANANAS;4894;2;4893;30;;;4900;32;;;;;4897.0;1035.9844
-1;19400;BANANAS;4894;21;;;;;4899;3;4900;1;4901;20;4896.5;1046.0859
-1;19400;PEARLS;9996;1;9995;20;;;10002;3;10004;1;10005;20;9999.0;156.0
-1;19500;PEARLS;9996;2;9995;20;;;10004;2;10005;20;;;10000.0;156.0
-1;19500;BANANAS;4894;22;;;;;4900;2;4901;20;;;4897.0;1044.1875
-1;19600;PEARLS;9996;2;9995;29;;;10004;2;10005;29;;;10000.0;156.0
-1;19600;BANANAS;4894;31;;;;;4900;2;4901;29;;;4897.0;1046.7969
-1;19700;PEARLS;9996;1;9995;24;;;10002;2;10004;1;10005;24;9999.0;156.0
-1;19700;BANANAS;4894;1;4893;24;;;4898;2;4900;25;;;4896.0;1046.375
-1;19800;BANANAS;4893;20;;;;;4900;20;;;;;4896.5;1048.1094
-1;19800;PEARLS;10002;4;9995;20;;;10005;20;;;;;10003.5;156.0
-1;19900;PEARLS;9996;1;9995;27;;;10004;1;10005;27;;;10000.0;156.0
-1;19900;BANANAS;4893;28;;;;;4899;1;4900;27;;;4896.0;1045.0156
-1;20000;PEARLS;9996;1;9995;28;;;10002;4;10004;1;10005;28;9999.0;156.0
-1;20000;BANANAS;4893;29;;;;;4898;4;4899;1;4900;28;4895.5;1053.4609
-1;20100;PEARLS;9998;9;9996;2;9995;29;10004;2;10005;29;;;10001.0;156.0
-1;20100;BANANAS;4893;12;4892;29;;;4899;31;;;;;4896.0;1045.8906
-1;20200;BANANAS;4893;29;;;;;4900;29;;;;;4896.5;1047.6094
-1;20200;PEARLS;9995;29;;;;;10005;29;;;;;10000.0;156.0
-1;20300;BANANAS;4893;23;;;;;4899;23;;;;;4896.0;1039.9844
-1;20300;PEARLS;9996;2;9995;21;;;10004;2;10005;21;;;10000.0;156.0
-1;20400;PEARLS;9995;24;;;;;10005;24;;;;;10000.0;156.0
-1;20400;BANANAS;4892;24;;;;;4899;24;;;;;4895.5;1044.875
-1;20500;BANANAS;4892;30;;;;;4899;30;;;;;4895.5;1046.3438
-1;20500;PEARLS;9995;30;;;;;10005;30;;;;;10000.0;156.0
-1;20600;BANANAS;4892;23;;;;;4899;23;;;;;4895.5;1066.9062
-1;20600;PEARLS;9996;2;9995;21;;;10004;2;10005;21;;;10000.0;156.0
-1;20700;BANANAS;4892;31;;;;;4893;1;4897;6;4898;1;4892.5;1063.0
-1;20700;PEARLS;9996;1;9995;30;;;10002;6;10004;1;10005;30;9999.0;156.0
-1;20800;PEARLS;9996;2;9995;23;;;10004;2;10005;23;;;10000.0;156.0
-1;20800;BANANAS;4896;1;4891;25;;;4898;25;;;;;4897.0;1079.8281
-1;20900;BANANAS;4891;24;;;;;4898;24;;;;;4894.5;1077.3828
-1;20900;PEARLS;9996;1;9995;23;;;10004;1;10005;23;;;10000.0;156.0
-1;21000;BANANAS;4891;27;;;;;4892;3;4898;27;;;4891.5;1083.8984
-1;21000;PEARLS;9995;27;;;;;10005;27;;;;;10000.0;156.0
-1;21100;BANANAS;4891;3;4890;28;;;4897;30;;;;;4894.0;1089.3594
-1;21100;PEARLS;9998;1;9996;2;9995;28;10004;2;10005;28;;;10001.0;156.0
-1;21200;PEARLS;9995;23;;;;;10005;23;;;;;10000.0;156.0
-1;21200;BANANAS;4890;23;;;;;4897;23;;;;;4893.5;1080.5703
-1;21300;BANANAS;4891;28;;;;;4897;29;;;;;4894.0;1082.1016
-1;21300;PEARLS;9995;29;;;;;10005;29;;;;;10000.0;156.0
-1;21400;BANANAS;4891;30;;;;;4898;30;;;;;4894.5;1090.7266
-1;21400;PEARLS;9995;30;;;;;10005;30;;;;;10000.0;156.0
-1;21500;BANANAS;4896;4;4892;2;4891;22;4898;24;;;;;4897.0;1081.8203
-1;21500;PEARLS;9996;2;9995;22;;;10004;2;10005;22;;;10000.0;156.0
-1;21600;PEARLS;10002;1;9995;29;;;10005;29;;;;;10003.5;156.0
-1;21600;BANANAS;4895;2;4892;29;;;4899;29;;;;;4897.0;1092.5938
-1;21700;BANANAS;4892;31;;;;;4897;10;4899;31;;;4894.5;1081.2891
-1;21700;PEARLS;9996;1;9995;30;;;10002;10;10004;1;10005;30;9999.0;158.0
-1;21800;BANANAS;4893;6;4892;28;;;4899;29;;;;;4896.0;1085.2344
-1;21800;PEARLS;9998;6;9996;1;9995;28;10004;1;10005;28;;;10001.0;158.0
-1;21900;BANANAS;4893;2;4892;28;;;4899;30;;;;;4896.0;1078.9531
-1;21900;PEARLS;9996;2;9995;28;;;10004;2;10005;28;;;10000.0;158.0
-1;22000;PEARLS;9996;1;9995;23;;;10000;2;10004;1;10005;23;9998.0;158.0
-1;22000;BANANAS;4891;23;;;;;4898;24;;;;;4894.5;1072.9141
-1;22100;BANANAS;4892;24;;;;;4898;2;4899;23;;;4895.0;1079.1562
-1;22100;PEARLS;9996;2;9995;23;;;10004;2;10005;23;;;10000.0;158.0
-1;22200;BANANAS;4892;28;;;;;4897;4;4898;1;4899;27;4894.5;1086.5
-1;22200;PEARLS;9996;1;9995;27;;;10002;4;10004;1;10005;27;9999.0;158.0
-1;22300;BANANAS;4892;30;;;;;4898;30;;;;;4895.0;1091.7188
-1;22300;PEARLS;9996;1;9995;29;;;10004;1;10005;29;;;10000.0;158.0
-1;22400;PEARLS;10002;2;9996;2;9995;24;10004;2;10005;24;;;10003.0;158.0
-1;22400;BANANAS;4891;26;;;;;4898;26;;;;;4894.5;1089.2578
-1;22500;BANANAS;4891;27;;;;;4898;27;;;;;4894.5;1093.1641
-1;22500;PEARLS;10002;6;9995;27;;;10005;27;;;;;10003.5;158.0
-1;22600;BANANAS;4891;27;;;;;4896;9;4897;1;4898;26;4893.5;1091.9922
-1;22600;PEARLS;9996;1;9995;26;;;10002;9;10004;1;10005;26;9999.0;158.0
-1;22700;BANANAS;4891;28;;;;;4898;28;;;;;4894.5;1099.5469
-1;22700;PEARLS;9995;28;;;;;10005;28;;;;;10000.0;158.0
-1;22800;PEARLS;9996;1;9995;29;;;9998;3;10004;1;10005;29;9997.0;158.0
-1;22800;BANANAS;4892;1;4891;29;;;4898;30;;;;;4895.0;1085.1562
-1;22900;BANANAS;4892;2;4891;24;;;4898;26;;;;;4895.0;1086.9375
-1;22900;PEARLS;9996;2;9995;24;;;9998;1;10004;2;10005;24;9997.0;164.0
-1;23000;BANANAS;4892;3;4891;26;;;4897;2;4898;24;;;4894.5;1096.5078
-1;23000;PEARLS;9998;3;9996;2;9995;24;10004;2;10005;24;;;10001.0;166.0
-1;23100;BANANAS;4891;24;;;;;4896;10;4897;1;4898;23;4893.5;1093.5547
-1;23100;PEARLS;9996;1;9995;23;;;10002;10;10004;1;10005;23;9999.0;166.0
-1;23200;BANANAS;4891;26;;;;;4896;10;4898;26;;;4893.5;1089.8594
-1;23200;PEARLS;9995;26;;;;;9998;1;10002;10;10005;26;9996.5;166.0
-1;23300;PEARLS;9995;22;;;;;10005;22;;;;;10000.0;168.0
-1;23300;BANANAS;4891;22;;;;;4897;22;;;;;4894.0;1082.0156
-1;23400;BANANAS;4892;6;4891;21;;;4898;21;;;;;4895.0;1082.6094
-1;23400;PEARLS;9998;6;9995;21;;;10005;21;;;;;10001.5;168.0
-1;23500;BANANAS;4894;2;4891;28;;;4898;28;;;;;4896.0;1079.9609
-1;23500;PEARLS;9996;2;9995;26;;;10004;2;10005;26;;;10000.0;168.0
-1;23600;PEARLS;9995;21;;;;;10002;6;10005;21;;;9998.5;168.0
-1;23600;BANANAS;4890;21;;;;;4895;3;4897;21;;;4892.5;1086.1562
-1;23700;PEARLS;9995;24;;;;;10005;24;;;;;10000.0;168.0
-1;23700;BANANAS;4890;24;;;;;4897;24;;;;;4893.5;1077.1719
-1;23800;PEARLS;9996;2;9995;21;;;10004;2;10005;21;;;10000.0;168.0
-1;23800;BANANAS;4891;23;;;;;4897;2;4898;21;;;4894.0;1079.5625
-1;23900;BANANAS;4896;1;4891;20;;;4897;20;;;;;4896.5;1074.5625
-1;23900;PEARLS;9995;20;;;;;10005;20;;;;;10000.0;168.0
-1;24000;PEARLS;9996;1;9995;22;;;10002;6;10004;1;10005;22;9999.0;168.0
-1;24000;BANANAS;4891;1;4890;22;;;4895;6;4897;23;;;4893.0;1062.9609
-1;24100;PEARLS;9996;2;9995;24;;;10004;2;10005;24;;;10000.0;168.0
-1;24100;BANANAS;4890;26;;;;;4897;26;;;;;4893.5;1054.3672
-1;24200;PEARLS;9998;4;9996;2;9995;25;10004;2;10005;25;;;10001.0;168.0
-1;24200;BANANAS;4896;1;4892;5;4891;27;4897;27;;;;;4896.5;1039.9453
-1;24300;BANANAS;4891;2;4890;21;;;4897;23;;;;;4894.0;1021.21875
-1;24300;PEARLS;10002;6;9996;2;9995;21;10004;2;10005;21;;;10003.0;168.0
-1;24400;PEARLS;9995;25;;;;;10005;25;;;;;10000.0;180.0
-1;24400;BANANAS;4890;25;;;;;4897;25;;;;;4893.5;1015.2031
-1;24500;PEARLS;9995;21;;;;;9998;2;10002;7;10005;21;9996.5;180.0
-1;24500;BANANAS;4894;4;4890;21;;;4895;7;4897;21;;;4894.5;1031.6719
-1;24600;PEARLS;9996;1;9995;26;;;10004;1;10005;26;;;10000.0;184.0
-1;24600;BANANAS;4890;27;;;;;4896;27;;;;;4893.0;1025.1953
-1;24700;PEARLS;9996;2;9995;20;;;10004;2;10005;20;;;10000.0;184.0
-1;24700;BANANAS;4890;22;;;;;4896;2;4897;20;;;4893.0;1027.1484
-1;24800;BANANAS;4889;28;;;;;4896;28;;;;;4892.5;1023.4297
-1;24800;PEARLS;9996;2;9995;26;;;10004;2;10005;26;;;10000.0;184.0
-1;24900;PEARLS;9998;5;9996;2;9995;28;10004;2;10005;28;;;10001.0;184.0
-1;24900;BANANAS;4890;7;4889;28;;;4896;30;;;;;4893.0;1013.5156
-1;25000;PEARLS;9996;1;9995;26;;;10002;1;10004;1;10005;26;9999.0;184.0
-1;25000;BANANAS;4889;27;;;;;4894;1;4896;27;;;4891.5;1015.8203
-1;25100;PEARLS;9995;23;;;;;10005;23;;;;;10000.0;184.0
-1;25100;BANANAS;4892;6;4889;23;;;4896;23;;;;;4894.0;1002.8828
-1;25200;BANANAS;4890;25;;;;;4896;26;;;;;4893.0;1011.08594
-1;25200;PEARLS;9996;2;9995;24;;;10004;2;10005;24;;;10000.0;184.0
-1;25300;PEARLS;9996;2;9995;24;;;10002;1;10004;2;10005;24;9999.0;184.0
-1;25300;BANANAS;4890;2;4889;24;;;4894;1;4896;26;;;4892.0;1003.1875
-1;25400;PEARLS;9998;2;9996;2;9995;30;10004;2;10005;30;;;10001.0;184.0
-1;25400;BANANAS;4890;2;4889;32;;;4896;32;;;;;4893.0;1016.3672
-1;25500;PEARLS;9998;3;9996;2;9995;23;10004;2;10005;23;;;10001.0;184.0
-1;25500;BANANAS;4890;3;4889;25;;;4896;25;;;;;4893.0;1023.14844
-1;25600;BANANAS;4894;1;4889;31;;;4895;31;;;;;4894.5;1025.0312
-1;25600;PEARLS;9996;1;9995;30;;;10004;1;10005;30;;;10000.0;184.0
-1;25700;PEARLS;9996;1;9995;22;;;10004;1;10005;22;;;10000.0;184.0
-1;25700;BANANAS;4889;23;;;;;4895;1;4896;22;;;4892.0;1024.0312
-1;25800;PEARLS;9996;1;9995;27;;;10004;1;10005;27;;;10000.0;184.0
-1;25800;BANANAS;4889;28;;;;;4895;28;;;;;4892.0;1021.6406
-1;25900;PEARLS;9995;28;;;;;10005;28;;;;;10000.0;184.0
-1;25900;BANANAS;4888;28;;;;;4895;28;;;;;4891.5;1019.9922
-1;26000;BANANAS;4888;24;;;;;4893;7;4895;24;;;4890.5;1022.4453
-1;26000;PEARLS;9995;24;;;;;10002;7;10005;24;;;9998.5;184.0
-1;26100;PEARLS;9995;25;;;;;10002;7;10005;25;;;9998.5;184.0
-1;26100;BANANAS;4888;25;;;;;4893;7;4895;25;;;4890.5;1027.0
-1;26200;PEARLS;9996;1;9995;25;;;10004;1;10005;25;;;10000.0;184.0
-1;26200;BANANAS;4888;26;;;;;4894;1;4895;25;;;4891.0;1028.6328
-1;26300;PEARLS;9995;24;;;;;10005;24;;;;;10000.0;184.0
-1;26300;BANANAS;4888;24;;;;;4895;24;;;;;4891.5;1025.7422
-1;26400;BANANAS;4888;28;;;;;4895;29;;;;;4891.5;1028.0859
-1;26400;PEARLS;10002;3;9995;29;;;10005;29;;;;;10003.5;184.0
-1;26500;PEARLS;9996;1;9995;23;;;10002;4;10004;1;10005;23;9999.0;184.0
-1;26500;BANANAS;4888;24;;;;;4893;3;4895;24;;;4890.5;1023.0
-1;26600;PEARLS;10002;3;9998;1;9996;1;10004;1;10005;21;;;10003.0;184.0
-1;26600;BANANAS;4889;1;4888;22;;;4894;1;4895;21;;;4891.5;1031.75
-1;26700;PEARLS;9995;24;;;;;10000;6;10005;24;;;9997.5;184.0
-1;26700;BANANAS;4888;24;;;;;4895;24;;;;;4891.5;1026.625
-1;26800;BANANAS;4888;24;;;;;4895;24;;;;;4891.5;1033.2422
-1;26800;PEARLS;9995;24;;;;;10005;24;;;;;10000.0;184.0
-1;26900;PEARLS;9995;27;;;;;9998;1;10002;5;10005;27;9996.5;184.0
-1;26900;BANANAS;4888;27;;;;;4893;5;4895;27;;;4890.5;1028.75
-1;27000;PEARLS;9996;1;9995;30;;;10002;7;10004;1;10005;30;9999.0;186.0
-1;27000;BANANAS;4889;31;;;;;4894;7;4895;31;;;4891.5;1032.9531
-1;27100;PEARLS;9996;2;9995;22;;;10002;7;10004;2;10005;22;9999.0;186.0
-1;27100;BANANAS;4889;2;4888;22;;;4893;7;4895;24;;;4891.0;1033.8203
-1;27200;BANANAS;4893;3;4890;2;4889;31;4895;31;;;;;4894.0;1036.5078
-1;27200;PEARLS;9998;2;9996;2;9995;29;10004;2;10005;29;;;10001.0;186.0
-1;27300;PEARLS;10000;5;9996;2;9995;25;10004;2;10005;25;;;10002.0;186.0
-1;27300;BANANAS;4889;27;;;;;4895;27;;;;;4892.0;1044.9141
-1;27400;PEARLS;9996;1;9995;24;;;10004;1;10005;24;;;10000.0;186.0
-1;27400;BANANAS;4889;25;;;;;4895;25;;;;;4892.0;1042.7734
-1;27500;BANANAS;4888;26;;;;;4890;1;4893;10;4895;26;4889.0;1037.0
-1;27500;PEARLS;9996;2;9995;24;;;10002;10;10004;2;10005;24;9999.0;186.0
-1;27600;BANANAS;4888;23;;;;;4895;23;;;;;4891.5;1036.7031
-1;27600;PEARLS;9996;1;9995;22;;;9998;1;10004;1;10005;22;9997.0;186.0
-1;27700;BANANAS;4888;26;;;;;4895;26;;;;;4891.5;1045.8984
-1;27700;PEARLS;9996;2;9995;24;;;10004;2;10005;24;;;10000.0;188.0
-1;27800;PEARLS;9995;28;;;;;10005;28;;;;;10000.0;188.0
-1;27800;BANANAS;4888;28;;;;;4895;28;;;;;4891.5;1062.8906
-1;27900;PEARLS;9996;1;9995;25;;;9998;4;10004;1;10005;25;9997.0;188.0
-1;27900;BANANAS;4888;26;;;;;4894;1;4895;25;;;4891.0;1059.4219
-1;28000;BANANAS;4888;24;;;;;4893;9;4894;24;;;4890.5;1044.0547
-1;28000;PEARLS;9995;24;;;;;10002;9;10005;24;;;9998.5;196.0
-1;28100;PEARLS;9995;22;;;;;10005;22;;;;;10000.0;196.0
-1;28100;BANANAS;4888;22;;;;;4895;22;;;;;4891.5;1037.3359
-1;28200;PEARLS;9996;1;9995;29;;;10004;1;10005;29;;;10000.0;196.0
-1;28200;BANANAS;4888;1;4887;29;;;4894;30;;;;;4891.0;1045.4062
-1;28300;PEARLS;9996;1;9995;23;;;10002;7;10004;1;10005;23;9999.0;196.0
-1;28300;BANANAS;4888;24;;;;;4892;7;4894;24;;;4890.0;1050.8047
-1;28400;BANANAS;4887;21;;;;;4892;9;4894;21;;;4889.5;1062.9531
-1;28400;PEARLS;9995;21;;;;;10002;9;10005;21;;;9998.5;196.0
-1;28500;PEARLS;9996;1;9995;30;;;10004;1;10005;30;;;10000.0;196.0
-1;28500;BANANAS;4892;1;4887;31;;;4894;31;;;;;4893.0;1070.3438
-1;28600;PEARLS;9998;7;9996;2;9995;29;10004;2;10005;29;;;10001.0;196.0
-1;28600;BANANAS;4888;6;4887;31;;;4894;31;;;;;4891.0;1085.5391
-1;28700;PEARLS;9996;1;9995;24;;;10004;1;10005;24;;;10000.0;196.0
-1;28700;BANANAS;4887;25;;;;;4893;1;4894;24;;;4890.0;1094.6094
-1;28800;BANANAS;4887;2;4886;20;;;4893;22;;;;;4890.0;1100.0938
-1;28800;PEARLS;9996;2;9995;20;;;10004;2;10005;20;;;10000.0;196.0
-1;28900;PEARLS;9995;22;;;;;10005;22;;;;;10000.0;196.0
-1;28900;BANANAS;4887;22;;;;;4894;22;;;;;4890.5;1116.5
-1;29000;PEARLS;9995;24;;;;;10005;24;;;;;10000.0;196.0
-1;29000;BANANAS;4887;24;;;;;4894;24;;;;;4890.5;1120.4062
-1;29100;BANANAS;4888;9;4887;31;;;4893;2;4894;29;;;4890.5;1122.8516
-1;29100;PEARLS;9998;9;9996;2;9995;29;10004;2;10005;29;;;10001.0;196.0
-1;29200;BANANAS;4887;20;;;;;4892;4;4894;20;;;4889.5;1132.2891
-1;29200;PEARLS;9995;20;;;;;10002;3;10005;20;;;9998.5;196.0
-1;29300;BANANAS;4887;25;;;;;4888;1;4894;25;;;4887.5;1122.8047
-1;29300;PEARLS;9995;25;;;;;10005;25;;;;;10000.0;196.0
-1;29400;PEARLS;9996;1;9995;23;;;10004;1;10005;23;;;10000.0;196.0
-1;29400;BANANAS;4892;4;4888;1;4887;23;4894;24;;;;;4893.0;1118.8281
-1;29500;BANANAS;4888;24;;;;;4894;24;;;;;4891.0;1114.8594
-1;29500;PEARLS;10002;1;9996;2;9995;22;10004;2;10005;22;;;10003.0;196.0
-1;29600;BANANAS;4887;20;;;;;4894;20;;;;;4890.5;1118.1172
-1;29600;PEARLS;9995;20;;;;;9998;1;10005;20;;;9996.5;198.0
-1;29700;BANANAS;4888;27;;;;;4894;27;;;;;4891.0;1120.4219
-1;29700;PEARLS;9996;1;9995;26;;;10004;1;10005;26;;;10000.0;200.0
-1;29800;PEARLS;9998;7;9996;1;9995;29;10004;1;10005;29;;;10001.0;200.0
-1;29800;BANANAS;4888;7;4887;30;;;4894;30;;;;;4891.0;1108.6875
-1;29900;BANANAS;4888;8;4887;27;;;4894;27;;;;;4891.0;1119.0781
-1;29900;PEARLS;9998;8;9996;1;9995;26;10000;2;10004;1;10005;26;9999.0;200.0
-1;30000;BANANAS;4887;21;;;;;4892;6;4894;21;;;4889.5;1124.2422
-1;30000;PEARLS;9996;1;9995;20;;;10002;7;10004;1;10005;20;9999.0;200.0
-1;30100;BANANAS;4887;22;;;;;4894;22;;;;;4890.5;1104.9688
-1;30100;PEARLS;9995;22;;;;;10000;5;10005;22;;;9997.5;200.0
-1;30200;PEARLS;9996;2;9995;22;;;10004;2;10005;22;;;10000.0;200.0
-1;30200;BANANAS;4887;24;;;;;4890;2;4894;24;;;4888.5;1109.3906
-1;30300;BANANAS;4888;2;4887;28;;;4892;7;4894;30;;;4890.0;1101.8281
-1;30300;PEARLS;9996;2;9995;28;;;10002;7;10004;2;10005;28;9999.0;200.0
-1;30400;BANANAS;4888;2;4887;21;;;4894;23;;;;;4891.0;1092.1562
-1;30400;PEARLS;9996;2;9995;21;;;10004;2;10005;21;;;10000.0;200.0
-1;30500;BANANAS;4887;29;;;;;4893;1;4894;28;;;4890.0;1084.3984
-1;30500;PEARLS;9996;1;9995;28;;;10004;1;10005;28;;;10000.0;200.0
-1;30600;PEARLS;9995;30;;;;;10005;30;;;;;10000.0;200.0
-1;30600;BANANAS;4886;30;;;;;4893;30;;;;;4889.5;1100.2578
-1;30700;BANANAS;4891;3;4887;23;;;4893;23;;;;;4892.0;1094.6875
-1;30700;PEARLS;9996;1;9995;22;;;10004;1;10005;22;;;10000.0;200.0
-1;30800;BANANAS;4887;29;;;;;4893;29;;;;;4890.0;1100.7812
-1;30800;PEARLS;9995;29;;;;;10005;29;;;;;10000.0;200.0
-1;30900;BANANAS;4887;2;4886;23;;;4893;23;;;;;4890.0;1103.1641
-1;30900;PEARLS;9998;2;9995;23;;;10005;23;;;;;10001.5;200.0
-1;31000;PEARLS;9995;20;;;;;10005;20;;;;;10000.0;200.0
-1;31000;BANANAS;4887;20;;;;;4894;20;;;;;4890.5;1122.6562
-1;31100;BANANAS;4887;22;;;;;4893;22;;;;;4890.0;1125.5781
-1;31100;PEARLS;9996;1;9995;21;;;10004;1;10005;21;;;10000.0;200.0
-1;31200;BANANAS;4887;1;4886;27;;;4893;29;;;;;4890.0;1121.2656
-1;31200;PEARLS;9996;2;9995;27;;;10004;2;10005;27;;;10000.0;200.0
-1;31300;BANANAS;4886;30;;;;;4893;30;;;;;4889.5;1129.125
-1;31300;PEARLS;9995;30;;;;;10005;30;;;;;10000.0;200.0
-1;31400;PEARLS;9996;2;9995;30;;;10004;2;10005;30;;;10000.0;200.0
-1;31400;BANANAS;4887;32;;;;;4894;32;;;;;4890.5;1142.0234
-1;31500;BANANAS;4887;23;;;;;4888;1;4894;23;;;4887.5;1143.625
-1;31500;PEARLS;9995;23;;;;;10005;23;;;;;10000.0;200.0
-1;31600;BANANAS;4889;2;4888;32;;;4894;32;;;;;4891.5;1151.9453
-1;31600;PEARLS;9998;2;9996;2;9995;30;10004;2;10005;30;;;10001.0;200.0
-1;31700;BANANAS;4887;29;;;;;4892;2;4894;29;;;4889.5;1144.875
-1;31700;PEARLS;9995;29;;;;;9998;4;10002;2;10005;29;9996.5;200.0
-1;31800;PEARLS;9995;21;;;;;10005;21;;;;;10000.0;208.0
-1;31800;BANANAS;4887;21;;;;;4894;21;;;;;4890.5;1134.9375
-1;31900;BANANAS;4888;11;4887;27;;;4894;29;;;;;4891.0;1143.625
-1;31900;PEARLS;9998;9;9996;2;9995;27;10004;2;10005;27;;;10001.0;208.0
-1;32000;BANANAS;4887;30;;;;;4893;30;;;;;4890.0;1143.6875
-1;32000;PEARLS;9996;1;9995;29;;;10000;3;10004;1;10005;29;9998.0;208.0
-1;32100;BANANAS;4887;31;;;;;4894;31;;;;;4890.5;1148.4062
-1;32100;PEARLS;9996;1;9995;30;;;10004;1;10005;30;;;10000.0;208.0
-1;32200;BANANAS;4887;1;4886;25;;;4891;6;4893;26;;;4889.0;1144.2578
-1;32200;PEARLS;9996;1;9995;25;;;10002;7;10004;1;10005;25;9999.0;208.0
-1;32300;PEARLS;9996;1;9995;25;;;10002;6;10004;1;10005;25;9999.0;208.0
-1;32300;BANANAS;4886;26;;;;;4891;7;4892;1;4893;25;4888.5;1137.1406
-1;32400;PEARLS;9996;2;9995;27;;;10002;1;10004;2;10005;27;9999.0;208.0
-1;32400;BANANAS;4886;1;4885;27;;;4890;1;4892;29;;;4888.0;1133.8281
-1;32500;BANANAS;4890;1;4885;25;;;4892;25;;;;;4891.0;1130.2656
-1;32500;PEARLS;9996;2;9995;23;;;10004;2;10005;23;;;10000.0;208.0
-1;32600;PEARLS;9995;30;;;;;10005;30;;;;;10000.0;208.0
-1;32600;BANANAS;4885;30;;;;;4892;30;;;;;4888.5;1127.9375
-1;32700;PEARLS;10002;1;9996;1;9995;26;10004;1;10005;26;;;10003.0;208.0
-1;32700;BANANAS;4886;27;;;;;4892;27;;;;;4889.0;1124.6797
-1;32800;PEARLS;9995;23;;;;;10005;23;;;;;10000.0;210.0
-1;32800;BANANAS;4885;23;;;;;4892;23;;;;;4888.5;1119.0
-1;32900;BANANAS;4886;1;4885;23;;;4890;1;4892;24;;;4888.0;1122.7031
-1;32900;PEARLS;9996;1;9995;23;;;10002;1;10004;1;10005;23;9999.0;210.0
-1;33000;PEARLS;10002;1;9996;1;9995;27;10004;1;10005;27;;;10003.0;210.0
-1;33000;BANANAS;4885;28;;;;;4892;28;;;;;4888.5;1115.4531
-1;33100;PEARLS;9995;24;;;;;10005;24;;;;;10000.0;212.0
-1;33100;BANANAS;4884;24;;;;;4891;24;;;;;4887.5;1095.25
-1;33200;PEARLS;9995;25;;;;;10002;9;10005;25;;;9998.5;212.0
-1;33200;BANANAS;4884;25;;;;;4889;9;4891;25;;;4886.5;1095.9375
-1;33300;BANANAS;4885;26;;;;;4890;7;4891;2;4892;24;4887.5;1106.0781
-1;33300;PEARLS;9996;2;9995;24;;;10002;7;10004;2;10005;24;9999.0;212.0
-1;33400;PEARLS;9995;27;;;;;10005;27;;;;;10000.0;212.0
-1;33400;BANANAS;4885;27;;;;;4892;27;;;;;4888.5;1113.4609
-1;33500;PEARLS;9998;10;9995;25;;;10005;25;;;;;10001.5;212.0
-1;33500;BANANAS;4886;10;4885;25;;;4892;25;;;;;4889.0;1119.4062
-1;33600;PEARLS;9995;27;;;;;10005;27;;;;;10000.0;212.0
-1;33600;BANANAS;4884;27;;;;;4885;1;4891;27;;;4884.5;1115.5703
-1;33700;PEARLS;9998;7;9996;1;9995;22;10004;1;10005;22;;;10001.0;212.0
-1;33700;BANANAS;4885;2;4884;22;;;4891;23;;;;;4888.0;1107.2344
-1;33800;BANANAS;4884;26;;;;;4891;26;;;;;4887.5;1095.0625
-1;33800;PEARLS;10002;1;9995;26;;;10005;26;;;;;10003.5;212.0
-1;33900;PEARLS;9995;24;;;;;10005;24;;;;;10000.0;214.0
-1;33900;BANANAS;4884;24;;;;;4891;24;;;;;4887.5;1094.7188
-1;34000;PEARLS;10002;1;9996;1;9995;24;10004;1;10005;24;;;10003.0;214.0
-1;34000;BANANAS;4889;1;4885;1;4884;24;4891;25;;;;;4890.0;1093.5
-1;34100;PEARLS;9996;1;9995;26;;;10004;1;10005;26;;;10000.0;216.0
-1;34100;BANANAS;4884;26;;;;;4885;7;4891;27;;;4884.5;1100.9844
-1;34200;BANANAS;4885;1;4884;26;;;4891;27;;;;;4888.0;1112.5312
-1;34200;PEARLS;9996;1;9995;26;;;10004;1;10005;26;;;10000.0;216.0
-1;34300;PEARLS;9996;2;9995;20;;;10004;2;10005;20;;;10000.0;216.0
-1;34300;BANANAS;4885;1;4884;20;;;4891;22;;;;;4888.0;1102.4375
-1;34400;PEARLS;9996;2;9995;23;;;10004;2;10005;23;;;10000.0;216.0
-1;34400;BANANAS;4884;24;;;;;4890;2;4891;23;;;4887.0;1099.6406
-1;34500;PEARLS;9995;25;;;;;10002;2;10005;25;;;9998.5;216.0
-1;34500;BANANAS;4884;25;;;;;4889;2;4891;25;;;4886.5;1093.6641
-1;34600;BANANAS;4884;22;;;;;4891;22;;;;;4887.5;1096.5781
-1;34600;PEARLS;9995;22;;;;;10005;22;;;;;10000.0;216.0
-1;34700;PEARLS;9995;29;;;;;9998;5;10005;29;;;9996.5;216.0
-1;34700;BANANAS;4884;29;;;;;4891;29;;;;;4887.5;1100.1172
-1;34800;PEARLS;10002;1;10000;2;9995;24;10005;24;;;;;10003.5;226.0
-1;34800;BANANAS;4884;24;;;;;4887;6;4891;24;;;4885.5;1098.7656
-1;34900;PEARLS;9996;2;9995;22;;;10004;2;10005;22;;;10000.0;228.0
-1;34900;BANANAS;4884;23;;;;;4891;24;;;;;4887.5;1104.3203
-1;35000;BANANAS;4885;2;4884;20;;;4889;10;4891;22;;;4887.0;1098.5547
-1;35000;PEARLS;9996;2;9995;20;;;10002;10;10004;2;10005;20;9999.0;228.0
-1;35100;PEARLS;9996;1;9995;25;;;10004;1;10005;25;;;10000.0;228.0
-1;35100;BANANAS;4884;26;;;;;4890;26;;;;;4887.0;1109.9531
-1;35200;PEARLS;9995;24;;;;;10005;24;;;;;10000.0;228.0
-1;35200;BANANAS;4883;24;;;;;4884;1;4890;24;;;4883.5;1117.3672
-1;35300;PEARLS;9998;9;9995;24;;;10005;24;;;;;10001.5;228.0
-1;35300;BANANAS;4884;9;4883;24;;;4890;24;;;;;4887.0;1127.1016
-1;35400;BANANAS;4883;22;;;;;4890;22;;;;;4886.5;1136.5312
-1;35400;PEARLS;9995;22;;;;;10005;22;;;;;10000.0;228.0
-1;35500;PEARLS;10002;5;9995;25;;;10005;25;;;;;10003.5;228.0
-1;35500;BANANAS;4883;24;;;;;4890;25;;;;;4886.5;1136.7344
-1;35600;PEARLS;9998;10;9996;1;9995;26;10004;1;10005;26;;;10001.0;238.0
-1;35600;BANANAS;4884;9;4883;27;;;4889;27;;;;;4886.5;1118.9297
-1;35700;PEARLS;10002;1;9996;1;9995;26;10004;1;10005;26;;;10003.0;238.0
-1;35700;BANANAS;4883;27;;;;;4888;1;4889;1;4890;26;4885.5;1136.6875
-1;35800;BANANAS;4883;30;;;;;4889;30;;;;;4886.0;1126.4688
-1;35800;PEARLS;9996;2;9995;28;;;10004;2;10005;28;;;10000.0;240.0
-1;35900;PEARLS;9996;1;9995;29;;;10002;3;10004;1;10005;29;9999.0;240.0
-1;35900;BANANAS;4883;30;;;;;4884;4;4887;3;4889;30;4883.5;1122.1797
-1;36000;PEARLS;9995;28;;;;;9998;1;10005;28;;;9996.5;240.0
-1;36000;BANANAS;4883;28;;;;;4890;28;;;;;4886.5;1134.4531
-1;36100;PEARLS;9995;26;;;;;9998;4;10005;26;;;9996.5;242.0
-1;36100;BANANAS;4883;26;;;;;4890;26;;;;;4886.5;1135.7969
-1;36200;BANANAS;4884;30;;;;;4889;3;4890;1;4891;29;4886.5;1137.0703
-1;36200;PEARLS;9996;1;9995;29;;;10002;3;10004;1;10005;29;9999.0;250.0
-1;36300;PEARLS;9995;22;;;;;9998;1;10005;22;;;9996.5;250.0
-1;36300;BANANAS;4884;21;;;;;4890;22;;;;;4887.0;1146.6406
-1;36400;PEARLS;9996;1;9995;27;;;10002;5;10004;1;10005;27;9999.0;252.0
-1;36400;BANANAS;4884;28;;;;;4888;5;4890;28;;;4886.0;1131.5859
-1;36500;BANANAS;4884;27;;;;;4889;10;4891;27;;;4886.5;1137.8906
-1;36500;PEARLS;9996;1;9995;26;;;10002;10;10004;1;10005;26;9999.0;252.0
-1;36600;BANANAS;4885;1;4884;21;;;4891;21;;;;;4888.0;1124.4688
-1;36600;PEARLS;10002;4;9998;1;9995;21;10005;21;;;;;10003.5;252.0
-1;36700;BANANAS;4889;11;4884;30;;;4891;30;;;;;4890.0;1121.5312
-1;36700;PEARLS;10002;1;9995;30;;;10005;30;;;;;10003.5;260.0
-1;36800;PEARLS;10002;1;9996;1;9995;26;10004;1;10005;26;;;10003.0;262.0
-1;36800;BANANAS;4884;27;;;;;4887;2;4891;27;;;4885.5;1132.9297
-1;36900;PEARLS;9996;2;9995;29;;;10002;3;10004;2;10005;29;9999.0;264.0
-1;36900;BANANAS;4884;31;;;;;4889;3;4890;2;4891;29;4886.5;1136.1641
-1;37000;BANANAS;4886;2;4884;4;4883;23;4890;23;;;;;4888.0;1138.9219
-1;37000;PEARLS;9998;4;9995;23;;;10005;23;;;;;10001.5;264.0
-1;37100;PEARLS;9996;1;9995;23;;;10004;1;10005;23;;;10000.0;264.0
-1;37100;BANANAS;4889;1;4884;24;;;4890;1;4891;23;;;4889.5;1129.3438
-1;37200;PEARLS;9998;2;9995;22;;;10005;22;;;;;10001.5;264.0
-1;37200;BANANAS;4885;3;4884;22;;;4891;22;;;;;4888.0;1131.1094
-1;37300;PEARLS;10002;5;9995;27;;;10005;27;;;;;10003.5;264.0
-1;37300;BANANAS;4883;27;;;;;4888;7;4890;27;;;4885.5;1125.5312
-1;37400;BANANAS;4883;23;;;;;4889;23;;;;;4886.0;1120.2969
-1;37400;PEARLS;9996;1;9995;22;;;10004;1;10005;22;;;10000.0;274.0
-1;37500;PEARLS;10002;1;9998;2;9995;29;10005;29;;;;;10003.5;274.0
-1;37500;BANANAS;4888;1;4883;2;4882;29;4889;29;;;;;4888.5;1129.4453
-1;37600;PEARLS;9996;2;9995;24;;;10004;2;10005;24;;;10000.0;276.0
-1;37600;BANANAS;4883;26;;;;;4889;2;4890;24;;;4886.0;1128.6719
-1;37700;PEARLS;9996;1;9995;28;;;10004;1;10005;28;;;10000.0;276.0
-1;37700;BANANAS;4888;1;4883;29;;;4889;1;4890;28;;;4888.5;1132.0234
-1;37800;BANANAS;4883;29;;;;;4889;2;4890;27;;;4886.0;1128.6562
-1;37800;PEARLS;9996;2;9995;27;;;10004;2;10005;27;;;10000.0;276.0
-1;37900;BANANAS;4882;29;;;;;4884;2;4889;29;;;4883.0;1136.2734
-1;37900;PEARLS;9996;2;9995;27;;;10000;3;10004;2;10005;27;9998.0;276.0
-1;38000;PEARLS;9995;25;;;;;10002;5;10005;25;;;9998.5;276.0
-1;38000;BANANAS;4882;25;;;;;4887;5;4889;25;;;4884.5;1123.375
-1;38100;BANANAS;4883;27;;;;;4890;28;;;;;4886.5;1113.5078
-1;38100;PEARLS;9995;28;;;;;10005;28;;;;;10000.0;276.0
-1;38200;BANANAS;4884;5;4883;23;;;4890;23;;;;;4887.0;1111.5625
-1;38200;PEARLS;9995;23;;;;;9998;2;10005;23;;;9996.5;276.0
-1;38300;BANANAS;4883;27;;;;;4890;27;;;;;4886.5;1098.75
-1;38300;PEARLS;9996;1;9995;26;;;10004;1;10005;26;;;10000.0;280.0
-1;38400;PEARLS;10002;1;9995;21;;;10005;21;;;;;10003.5;280.0
-1;38400;BANANAS;4883;20;;;;;4890;21;;;;;4886.5;1100.3281
-1;38500;BANANAS;4888;1;4883;25;;;4889;2;4890;23;;;4888.5;1103.7812
-1;38500;PEARLS;10002;1;9996;2;9995;23;10004;2;10005;23;;;10003.0;282.0
-1;38600;BANANAS;4883;27;;;;;4890;27;;;;;4886.5;1102.1094
-1;38600;PEARLS;10002;5;9995;27;;;10005;27;;;;;10003.5;284.0
-1;38700;BANANAS;4884;30;;;;;4890;1;4891;29;;;4887.0;1104.5234
-1;38700;PEARLS;9996;1;9995;29;;;10004;1;10005;29;;;10000.0;284.0
-1;38800;PEARLS;9995;27;;;;;10005;27;;;;;10000.0;284.0
-1;38800;BANANAS;4884;27;;;;;4891;27;;;;;4887.5;1104.9609
-1;38900;BANANAS;4884;26;;;;;4889;4;4891;26;;;4886.5;1123.7188
-1;38900;PEARLS;9996;1;9995;25;;;10004;1;10005;25;;;10000.0;284.0
-1;39000;BANANAS;4884;29;;;;;4890;29;;;;;4887.0;1128.3828
-1;39000;PEARLS;9995;29;;;;;10005;29;;;;;10000.0;284.0
-1;39100;BANANAS;4884;1;4883;29;;;4888;10;4890;30;;;4886.0;1115.7969
-1;39100;PEARLS;9996;1;9995;29;;;10002;10;10004;1;10005;29;9999.0;284.0
-1;39200;PEARLS;9995;24;;;;;10005;24;;;;;10000.0;284.0
-1;39200;BANANAS;4888;1;4883;24;;;4889;24;;;;;4888.5;1121.5859
-1;39300;BANANAS;4884;3;4883;27;;;4889;1;4890;26;;;4886.5;1109.5703
-1;39300;PEARLS;9998;3;9996;1;9995;26;10004;1;10005;26;;;10001.0;284.0
-1;39400;BANANAS;4884;29;;;;;4891;29;;;;;4887.5;1119.9922
-1;39400;PEARLS;9996;2;9995;27;;;10004;2;10005;27;;;10000.0;284.0
-1;39500;BANANAS;4884;22;;;;;4890;2;4891;20;;;4887.0;1132.6484
-1;39500;PEARLS;9996;2;9995;20;;;10004;2;10005;20;;;10000.0;284.0
-1;39600;PEARLS;9995;22;;;;;10005;22;;;;;10000.0;284.0
-1;39600;BANANAS;4884;22;;;;;4890;22;;;;;4887.0;1120.2812
-1;39700;BANANAS;4883;20;;;;;4890;20;;;;;4886.5;1119.4219
-1;39700;PEARLS;9995;20;;;;;10005;20;;;;;10000.0;284.0
-1;39800;BANANAS;4883;31;;;;;4888;3;4890;31;;;4885.5;1114.3984
-1;39800;PEARLS;9996;1;9995;30;;;10002;3;10004;1;10005;30;9999.0;284.0
-1;39900;BANANAS;4884;3;4883;30;;;4890;32;;;;;4887.0;1110.5078
-1;39900;PEARLS;9998;1;9996;2;9995;30;10004;2;10005;30;;;10001.0;284.0
-1;40000;PEARLS;9998;9;9996;1;9995;30;10004;1;10005;30;;;10001.0;284.0
-1;40000;BANANAS;4888;5;4884;9;4883;31;4890;31;;;;;4889.0;1104.2422
-1;40100;BANANAS;4883;27;;;;;4890;27;;;;;4886.5;1108.7656
-1;40100;PEARLS;10002;1;9995;27;;;10005;27;;;;;10003.5;284.0
-1;40200;BANANAS;4884;23;;;;;4889;7;4890;1;4891;22;4886.5;1110.7812
-1;40200;PEARLS;9996;1;9995;22;;;10002;7;10004;1;10005;22;9999.0;284.0
-1;40300;BANANAS;4884;25;;;;;4890;25;;;;;4887.0;1104.75
-1;40300;PEARLS;9996;1;9995;24;;;10000;4;10004;1;10005;24;9998.0;284.0
-1;40400;PEARLS;9996;1;9995;20;;;10002;10;10004;1;10005;20;9999.0;284.0
-1;40400;BANANAS;4884;21;;;;;4889;10;4891;21;;;4886.5;1085.4375
-1;40500;BANANAS;4884;24;;;;;4887;2;4891;24;;;4885.5;1084.2109
-1;40500;PEARLS;9995;24;;;;;10005;24;;;;;10000.0;284.0
-1;40600;BANANAS;4884;2;4883;24;;;4890;26;;;;;4887.0;1078.1719
-1;40600;PEARLS;9996;2;9995;24;;;9998;7;10004;2;10005;24;9997.0;284.0
-1;40700;BANANAS;4883;26;;;;;4890;26;;;;;4886.5;1094.1797
-1;40700;PEARLS;9996;2;9995;24;;;10004;2;10005;24;;;10000.0;298.0
-1;40800;PEARLS;9995;29;;;;;10005;29;;;;;10000.0;298.0
-1;40800;BANANAS;4883;29;;;;;4890;29;;;;;4886.5;1093.1094
-1;40900;PEARLS;9995;22;;;;;10005;22;;;;;10000.0;298.0
-1;40900;BANANAS;4883;22;;;;;4890;22;;;;;4886.5;1096.7656
-1;41000;BANANAS;4884;27;;;;;4886;4;4890;22;;;4885.0;1090.5938
-1;41000;PEARLS;9998;5;9995;22;;;10005;22;;;;;10001.5;298.0
-1;41100;BANANAS;4884;23;;;;;4890;1;4891;22;;;4887.0;1071.75
-1;41100;PEARLS;9996;1;9995;22;;;10004;1;10005;22;;;10000.0;298.0
-1;41200;BANANAS;4884;26;;;;;4891;26;;;;;4887.5;1069.9688
-1;41200;PEARLS;9996;1;9995;25;;;9998;8;10004;1;10005;25;9997.0;298.0
-1;41300;PEARLS;9996;1;9995;20;;;10000;6;10002;2;10004;1;9998.0;314.0
-1;41300;BANANAS;4884;21;;;;;4889;2;4891;21;;;4886.5;1055.6875
-1;41400;PEARLS;9995;23;;;;;10005;23;;;;;10000.0;314.0
-1;41400;BANANAS;4884;23;;;;;4885;1;4887;4;4891;23;4884.5;1064.8359
-1;41500;BANANAS;4886;6;4885;30;;;4892;30;;;;;4889.0;1068.1094
-1;41500;PEARLS;9998;5;9995;30;;;10005;30;;;;;10001.5;314.0
-1;41600;PEARLS;9996;1;9995;27;;;9998;5;10004;1;10005;27;9997.0;314.0
-1;41600;BANANAS;4885;1;4884;27;;;4891;28;;;;;4888.0;1081.9922
-1;41700;PEARLS;9995;20;;;;;10005;20;;;;;10000.0;324.0
-1;41700;BANANAS;4884;20;;;;;4891;20;;;;;4887.5;1078.2812
-1;41800;PEARLS;9996;2;9995;28;;;10002;3;10004;2;10005;28;9999.0;324.0
-1;41800;BANANAS;4885;30;;;;;4890;3;4891;2;4892;28;4887.5;1076.6562
-1;41900;BANANAS;4886;4;4885;30;;;4892;30;;;;;4889.0;1090.5469
-1;41900;PEARLS;9998;4;9996;2;9995;28;10004;2;10005;28;;;10001.0;324.0
-1;42000;PEARLS;9996;2;9995;28;;;10004;2;10005;28;;;10000.0;324.0
-1;42000;BANANAS;4886;30;;;;;4892;30;;;;;4889.0;1094.3984
-1;42100;PEARLS;9995;24;;;;;10005;24;;;;;10000.0;324.0
-1;42100;BANANAS;4886;24;;;;;4893;24;;;;;4889.5;1095.5156
-1;42200;PEARLS;9995;26;;;;;10002;4;10005;26;;;9998.5;324.0
-1;42200;BANANAS;4887;26;;;;;4892;4;4894;26;;;4889.5;1097.0547
-1;42300;BANANAS;4892;1;4887;24;;;4894;24;;;;;4893.0;1093.0312
-1;42300;PEARLS;10000;4;9995;24;;;10005;24;;;;;10002.5;324.0
-1;42400;BANANAS;4886;25;;;;;4893;25;;;;;4889.5;1085.3906
-1;42400;PEARLS;9996;1;9995;24;;;9998;5;10004;1;10005;24;9997.0;324.0
-1;42500;PEARLS;9996;2;9995;22;;;10004;2;10005;22;;;10000.0;334.0
-1;42500;BANANAS;4886;23;;;;;4893;24;;;;;4889.5;1084.75
-1;42600;PEARLS;9995;25;;;;;10002;10;10005;25;;;9998.5;334.0
-1;42600;BANANAS;4886;25;;;;;4890;10;4892;25;;;4888.0;1080.1016
-1;42700;PEARLS;9996;2;9995;20;;;10004;2;10005;20;;;10000.0;334.0
-1;42700;BANANAS;4886;21;;;;;4893;22;;;;;4889.5;1070.6875
-1;42800;BANANAS;4886;23;;;;;4892;23;;;;;4889.0;1065.3359
-1;42800;PEARLS;9995;23;;;;;10005;23;;;;;10000.0;334.0
-1;42900;PEARLS;9995;22;;;;;10005;22;;;;;10000.0;334.0
-1;42900;BANANAS;4885;22;;;;;4892;22;;;;;4888.5;1060.5156
-1;43000;PEARLS;10002;7;9996;1;9995;24;10004;1;10005;24;;;10003.0;334.0
-1;43000;BANANAS;4885;25;;;;;4891;1;4892;24;;;4888.0;1048.9844
-1;43100;PEARLS;9996;2;9995;23;;;10002;3;10004;2;10005;23;9999.0;348.0
-1;43100;BANANAS;4886;25;;;;;4890;3;4892;25;;;4888.0;1047.9922
-1;43200;BANANAS;4886;28;;;;;4892;1;4893;27;;;4889.0;1053.9766
-1;43200;PEARLS;9996;1;9995;27;;;10000;1;10004;1;10005;27;9998.0;348.0
-1;43300;PEARLS;9995;20;;;;;10005;20;;;;;10000.0;348.0
-1;43300;BANANAS;4887;20;;;;;4894;20;;;;;4890.5;1046.2656
-1;43400;PEARLS;9996;2;9995;27;;;10002;8;10004;2;10005;27;9999.0;348.0
-1;43400;BANANAS;4887;28;;;;;4892;8;4893;2;4894;27;4889.5;1048.1641
-1;43500;PEARLS;9996;1;9995;23;;;10002;10;10004;1;10005;23;9999.0;348.0
-1;43500;BANANAS;4887;24;;;;;4891;10;4893;24;;;4889.0;1044.0312
-1;43600;BANANAS;4886;21;;;;;4891;1;4893;21;;;4888.5;1037.4922
-1;43600;PEARLS;9995;21;;;;;10002;1;10005;21;;;9998.5;348.0
-1;43700;PEARLS;9996;2;9995;26;;;10004;2;10005;26;;;10000.0;348.0
-1;43700;BANANAS;4885;28;;;;;4892;28;;;;;4888.5;1037.9297
-1;43800;PEARLS;9995;25;;;;;9998;1;10005;25;;;9996.5;348.0
-1;43800;BANANAS;4886;25;;;;;4893;25;;;;;4889.5;1025.0312
-1;43900;PEARLS;9995;28;;;;;10005;28;;;;;10000.0;350.0
-1;43900;BANANAS;4886;28;;;;;4893;28;;;;;4889.5;1027.6172
-1;44000;BANANAS;4887;1;4886;25;;;4889;6;4893;26;;;4888.0;1023.27344
-1;44000;PEARLS;10002;4;9996;1;9995;25;10004;1;10005;25;;;10003.0;350.0
-1;44100;PEARLS;9996;2;9995;28;;;10004;2;10005;28;;;10000.0;358.0
-1;44100;BANANAS;4886;30;;;;;4887;1;4893;30;;;4886.5;1019.03125
-1;44200;PEARLS;9998;4;9996;2;9995;20;10004;2;10005;20;;;10001.0;358.0
-1;44200;BANANAS;4887;6;4886;20;;;4893;22;;;;;4890.0;1019.08594
-1;44300;PEARLS;9996;1;9995;24;;;10004;1;10005;24;;;10000.0;358.0
-1;44300;BANANAS;4887;25;;;;;4894;25;;;;;4890.5;1031.9453
-1;44400;BANANAS;4887;30;;;;;4893;1;4894;29;;;4890.0;1030.0625
-1;44400;PEARLS;9996;1;9995;29;;;10004;1;10005;29;;;10000.0;358.0
-1;44500;PEARLS;9996;1;9995;26;;;10004;1;10005;26;;;10000.0;358.0
-1;44500;BANANAS;4886;27;;;;;4893;27;;;;;4889.5;1034.1328
-1;44600;PEARLS;9995;23;;;;;10005;23;;;;;10000.0;358.0
-1;44600;BANANAS;4886;23;;;;;4893;23;;;;;4889.5;1029.2578
-1;44700;PEARLS;9996;1;9995;23;;;10002;9;10004;1;10005;23;9999.0;358.0
-1;44700;BANANAS;4886;24;;;;;4891;9;4893;24;;;4888.5;1020.4219
-1;44800;BANANAS;4887;24;;;;;4892;10;4893;2;4894;22;4889.5;1018.1875
-1;44800;PEARLS;9996;2;9995;22;;;10002;10;10004;2;10005;22;9999.0;358.0
-1;44900;PEARLS;9995;26;;;;;10002;6;10005;26;;;9998.5;358.0
-1;44900;BANANAS;4887;26;;;;;4892;6;4894;26;;;4889.5;1023.78906
-1;45000;PEARLS;9996;1;9995;26;;;10004;1;10005;26;;;10000.0;358.0
-1;45000;BANANAS;4887;27;;;;;4894;27;;;;;4890.5;1026.5859
-1;45100;PEARLS;9996;2;9995;25;;;9998;1;10004;2;10005;25;9997.0;358.0
-1;45100;BANANAS;4887;27;;;;;4894;27;;;;;4890.5;1024.5703
-1;45200;BANANAS;4888;27;;;;;4895;27;;;;;4891.5;1035.3906
-1;45200;PEARLS;9995;27;;;;;10005;27;;;;;10000.0;360.0
-1;45300;BANANAS;4888;28;;;;;4894;1;4895;28;;;4891.0;1035.3516
-1;45300;PEARLS;9996;1;9995;28;;;9998;1;10004;1;10005;28;9997.0;360.0
-1;45400;PEARLS;9996;1;9995;27;;;10004;1;10005;27;;;10000.0;362.0
-1;45400;BANANAS;4888;28;;;;;4894;28;;;;;4891.0;1047.6484
-1;45500;BANANAS;4888;24;;;;;4895;24;;;;;4891.5;1041.5156
-1;45500;PEARLS;9996;1;9995;23;;;10004;1;10005;23;;;10000.0;362.0
-1;45600;BANANAS;4894;1;4889;1;4888;24;4895;25;;;;;4894.5;1041.0469
-1;45600;PEARLS;9996;1;9995;24;;;10004;1;10005;24;;;10000.0;362.0
-1;45700;PEARLS;10002;4;9995;30;;;10005;30;;;;;10003.5;362.0
-1;45700;BANANAS;4888;30;;;;;4895;30;;;;;4891.5;1038.3828
-1;45800;PEARLS;9996;2;9995;24;;;10004;2;10005;24;;;10000.0;370.0
-1;45800;BANANAS;4890;2;4889;24;;;4896;26;;;;;4893.0;1038.125
-1;45900;PEARLS;9996;1;9995;21;;;10002;1;10004;1;10005;21;9999.0;370.0
-1;45900;BANANAS;4890;22;;;;;4895;1;4897;22;;;4892.5;1041.0078
-1;46000;BANANAS;4890;27;;;;;4897;27;;;;;4893.5;1043.6406
-1;46000;PEARLS;9996;2;9995;25;;;9998;5;10004;2;10005;25;9997.0;370.0
-1;46100;PEARLS;9996;2;9995;25;;;10004;2;10005;25;;;10000.0;380.0
-1;46100;BANANAS;4891;26;;;;;4897;2;4898;25;;;4894.0;1037.3281
-1;46200;PEARLS;9995;28;;;;;10005;28;;;;;10000.0;380.0
-1;46200;BANANAS;4890;28;;;;;4892;2;4897;28;;;4891.0;1026.1875
-1;46300;PEARLS;9996;1;9995;22;;;10004;1;10005;22;;;10000.0;380.0
-1;46300;BANANAS;4896;1;4890;23;;;4897;23;;;;;4896.5;1020.7422
-1;46400;BANANAS;4890;26;;;;;4897;26;;;;;4893.5;1016.1406
-1;46400;PEARLS;9995;26;;;;;10005;26;;;;;10000.0;380.0
-1;46500;PEARLS;9996;2;9995;23;;;10002;5;10004;2;10005;23;9999.0;380.0
-1;46500;BANANAS;4890;25;;;;;4891;1;4895;5;4897;25;4890.5;1014.8594
-1;46600;PEARLS;9996;2;9995;21;;;10002;2;10004;2;10005;21;9999.0;380.0
-1;46600;BANANAS;4893;4;4890;23;;;4895;2;4897;23;;;4894.0;1016.2969
-1;46700;PEARLS;9996;1;9995;22;;;10004;1;10005;22;;;10000.0;380.0
-1;46700;BANANAS;4889;23;;;;;4896;23;;;;;4892.5;1013.4844
-1;46800;BANANAS;4891;5;4890;23;;;4896;1;4897;22;;;4893.5;1020.14844
-1;46800;PEARLS;9998;4;9996;1;9995;22;10004;1;10005;22;;;10001.0;380.0
-1;46900;BANANAS;4895;1;4890;2;4889;26;4896;28;;;;;4895.5;1016.5625
-1;46900;PEARLS;9996;2;9995;26;;;10004;2;10005;26;;;10000.0;380.0
-1;47000;PEARLS;9995;20;;;;;10002;8;10005;20;;;9998.5;380.0
-1;47000;BANANAS;4889;20;;;;;4894;8;4896;20;;;4891.5;1003.9297
-1;47100;BANANAS;4890;4;4889;24;;;4896;24;;;;;4893.0;1014.02344
-1;47100;PEARLS;9998;5;9995;24;;;10005;24;;;;;10001.5;380.0
-1;47200;BANANAS;4895;1;4889;29;;;4896;29;;;;;4895.5;1021.09375
-1;47200;PEARLS;9995;29;;;;;10005;29;;;;;10000.0;380.0
-1;47300;BANANAS;4890;24;;;;;4896;24;;;;;4893.0;1018.3203
-1;47300;PEARLS;9995;24;;;;;10005;24;;;;;10000.0;380.0
-1;47400;PEARLS;9996;2;9995;24;;;10002;5;10004;2;10005;24;9999.0;380.0
-1;47400;BANANAS;4890;26;;;;;4894;5;4896;26;;;4892.0;1025.3906
-1;47500;BANANAS;4890;28;;;;;4896;28;;;;;4893.0;1003.125
-1;47500;PEARLS;9995;28;;;;;10005;28;;;;;10000.0;380.0
-1;47600;BANANAS;4889;21;;;;;4896;21;;;;;4892.5;999.39844
-1;47600;PEARLS;9995;21;;;;;10005;21;;;;;10000.0;380.0
-1;47700;BANANAS;4890;24;;;;;4896;1;4897;23;;;4893.0;984.9219
-1;47700;PEARLS;9996;1;9995;23;;;9998;1;10004;1;10005;23;9997.0;380.0
-1;47800;PEARLS;9995;22;;;;;9998;1;10002;8;10005;22;9996.5;382.0
-1;47800;BANANAS;4890;22;;;;;4895;8;4897;22;;;4892.5;985.0703
-1;47900;BANANAS;4891;1;4890;21;;;4897;21;;;;;4894.0;982.90625
-1;47900;PEARLS;9998;1;9995;21;;;10005;21;;;;;10001.5;384.0
-1;48000;BANANAS;4891;3;4890;29;;;4897;29;;;;;4894.0;981.78906
-1;48000;PEARLS;9998;3;9996;2;9995;27;10004;2;10005;27;;;10001.0;384.0
-1;48100;BANANAS;4890;29;;;;;4897;29;;;;;4893.5;980.8281
-1;48100;PEARLS;9995;29;;;;;10005;29;;;;;10000.0;384.0
-1;48200;PEARLS;9996;1;9995;25;;;10004;1;10005;25;;;10000.0;384.0
-1;48200;BANANAS;4890;26;;;;;4897;26;;;;;4893.5;976.3281
-1;48300;BANANAS;4895;1;4890;29;;;4897;29;;;;;4896.0;974.1406
-1;48300;PEARLS;9995;29;;;;;10005;29;;;;;10000.0;384.0
-1;48400;BANANAS;4895;1;4889;22;;;4896;22;;;;;4895.5;966.2031
-1;48400;PEARLS;9995;22;;;;;10005;22;;;;;10000.0;384.0
-1;48500;BANANAS;4889;25;;;;;4896;25;;;;;4892.5;966.58594
-1;48500;PEARLS;9995;25;;;;;10005;25;;;;;10000.0;384.0
-1;48600;PEARLS;9996;2;9995;20;;;10002;4;10004;2;10005;20;9999.0;384.0
-1;48600;BANANAS;4889;22;;;;;4894;4;4896;22;;;4891.5;966.40625
-1;48700;BANANAS;4889;21;;;;;4896;21;;;;;4892.5;956.75
-1;48700;PEARLS;10002;2;9995;21;;;10005;21;;;;;10003.5;384.0
-1;48800;BANANAS;4891;10;4890;31;;;4896;31;;;;;4893.5;970.3594
-1;48800;PEARLS;9998;10;9996;2;9995;29;10004;2;10005;29;;;10001.0;388.0
-1;48900;BANANAS;4891;2;4890;25;;;4896;1;4897;24;;;4893.5;959.83594
-1;48900;PEARLS;9998;3;9996;1;9995;24;10004;1;10005;24;;;10001.0;388.0
-1;49000;PEARLS;9995;29;;;;;10005;29;;;;;10000.0;388.0
-1;49000;BANANAS;4890;29;;;;;4897;29;;;;;4893.5;955.0625
-1;49100;BANANAS;4891;3;4890;26;;;4897;26;;;;;4894.0;944.3203
-1;49100;PEARLS;9998;3;9995;26;;;10005;26;;;;;10001.5;388.0
-1;49200;BANANAS;4890;25;;;;;4897;25;;;;;4893.5;926.0156
-1;49200;PEARLS;9996;2;9995;23;;;10004;2;10005;23;;;10000.0;388.0
-1;49300;BANANAS;4896;1;4891;29;;;4897;29;;;;;4896.5;923.4531
-1;49300;PEARLS;9995;29;;;;;10005;29;;;;;10000.0;388.0
-1;49400;PEARLS;9998;5;9996;1;9995;21;10004;1;10005;21;;;10001.0;388.0
-1;49400;BANANAS;4897;1;4892;5;4891;22;4898;22;;;;;4897.5;932.3281
-1;49500;BANANAS;4891;23;;;;;4897;23;;;;;4894.0;941.0547
-1;49500;PEARLS;9995;23;;;;;10005;23;;;;;10000.0;388.0
-1;49600;BANANAS;4890;22;;;;;4897;22;;;;;4893.5;937.7969
-1;49600;PEARLS;9995;22;;;;;10005;22;;;;;10000.0;388.0
-1;49700;BANANAS;4891;2;4890;22;;;4895;9;4897;24;;;4893.0;947.2578
-1;49700;PEARLS;9996;2;9995;22;;;10002;8;10004;2;10005;22;9999.0;388.0
-1;49800;BANANAS;4890;22;;;;;4897;22;;;;;4893.5;949.6328
-1;49800;PEARLS;9996;1;9995;21;;;9998;1;10004;1;10005;21;9997.0;388.0
-1;49900;PEARLS;9996;2;9995;20;;;10004;2;10005;20;;;10000.0;390.0
-1;49900;BANANAS;4890;22;;;;;4895;1;4896;2;4897;20;4892.5;946.9844
-1;50000;BANANAS;4892;1;4889;30;;;4896;30;;;;;4894.0;935.125
-1;50000;PEARLS;9996;1;9995;29;;;10004;1;10005;29;;;10000.0;390.0
-1;50100;BANANAS;4889;32;;;;;4896;32;;;;;4892.5;944.84375
-1;50100;PEARLS;9996;2;9995;30;;;10004;2;10005;30;;;10000.0;390.0
-1;50200;PEARLS;9998;1;9996;2;9995;23;10004;2;10005;23;;;10001.0;390.0
-1;50200;BANANAS;4891;1;4890;25;;;4896;25;;;;;4893.5;957.3047
-1;50300;PEARLS;9996;1;9995;25;;;10002;5;10004;1;10005;25;9999.0;390.0
-1;50300;BANANAS;4890;26;;;;;4895;6;4896;1;4897;25;4892.5;961.9531
-1;50400;PEARLS;10002;4;9996;1;9995;29;10004;1;10005;29;;;10003.0;390.0
-1;50400;BANANAS;4890;30;;;;;4897;30;;;;;4893.5;957.8047
-1;50500;BANANAS;4890;29;;;;;4897;29;;;;;4893.5;962.0781
-1;50500;PEARLS;10002;4;9996;1;9995;28;10004;1;10005;28;;;10003.0;398.0
-1;50600;PEARLS;9996;1;9995;23;;;10004;1;10005;23;;;10000.0;406.0
-1;50600;BANANAS;4895;1;4890;24;;;4896;1;4897;23;;;4895.5;964.1328
-1;50700;PEARLS;9995;25;;;;;10002;3;10005;25;;;9998.5;406.0
-1;50700;BANANAS;4890;25;;;;;4891;1;4895;3;4897;25;4890.5;961.40625
-1;50800;PEARLS;9995;24;;;;;9998;1;10002;6;10005;24;9996.5;406.0
-1;50800;BANANAS;4890;24;;;;;4895;6;4897;24;;;4892.5;960.03906
-1;50900;BANANAS;4890;27;;;;;4897;27;;;;;4893.5;955.71875
-1;50900;PEARLS;9996;1;9995;26;;;10004;1;10005;26;;;10000.0;408.0
-1;51000;PEARLS;9996;2;9995;22;;;10004;2;10005;22;;;10000.0;408.0
-1;51000;BANANAS;4890;24;;;;;4896;2;4897;22;;;4893.0;962.22656
-1;51100;PEARLS;9996;1;9995;26;;;10004;1;10005;26;;;10000.0;408.0
-1;51100;BANANAS;4891;27;;;;;4897;27;;;;;4894.0;955.15625
-1;51200;PEARLS;9996;2;9995;30;;;10004;2;10005;30;;;10000.0;408.0
-1;51200;BANANAS;4890;32;;;;;4897;32;;;;;4893.5;939.16406
-1;51300;PEARLS;9996;2;9995;23;;;10004;2;10005;23;;;10000.0;408.0
-1;51300;BANANAS;4891;25;;;;;4897;25;;;;;4894.0;942.90625
-1;51400;BANANAS;4891;23;;;;;4897;23;;;;;4894.0;943.6953
-1;51400;PEARLS;9995;23;;;;;10005;23;;;;;10000.0;408.0
-1;51500;PEARLS;9996;2;9995;20;;;10004;2;10005;20;;;10000.0;408.0
-1;51500;BANANAS;4891;22;;;;;4897;2;4898;20;;;4894.0;950.4531
-1;51600;PEARLS;9996;2;9995;29;;;10004;2;10005;29;;;10000.0;408.0
-1;51600;BANANAS;4891;31;;;;;4897;2;4898;29;;;4894.0;946.6094
-1;51700;PEARLS;9996;2;9995;30;;;10002;5;10004;2;10005;30;9999.0;408.0
-1;51700;BANANAS;4891;32;;;;;4896;5;4897;2;4898;30;4893.5;948.47656
-1;51800;BANANAS;4891;26;;;;;4898;26;;;;;4894.5;957.5
-1;51800;PEARLS;9996;2;9995;24;;;10004;2;10005;24;;;10000.0;408.0
-1;51900;PEARLS;9996;1;9995;26;;;10002;6;10004;1;10005;26;9999.0;408.0
-1;51900;BANANAS;4892;1;4891;26;;;4896;6;4898;27;;;4894.0;953.5078
-1;52000;PEARLS;10000;3;9996;1;9995;23;10004;1;10005;23;;;10002.0;408.0
-1;52000;BANANAS;4891;24;;;;;4897;1;4898;23;;;4894.0;944.96094
-1;52100;PEARLS;9995;30;;;;;10005;30;;;;;10000.0;408.0
-1;52100;BANANAS;4891;30;;;;;4898;30;;;;;4894.5;939.5703
-1;52200;BANANAS;4891;28;;;;;4896;3;4898;28;;;4893.5;948.59375
-1;52200;PEARLS;9995;28;;;;;10002;3;10005;28;;;9998.5;408.0
-1;52300;PEARLS;9995;21;;;;;10002;3;10005;21;;;9998.5;408.0
-1;52300;BANANAS;4892;21;;;;;4897;2;4899;21;;;4894.5;941.9219
-1;52400;PEARLS;10000;6;9996;2;9995;22;10004;2;10005;22;;;10002.0;408.0
-1;52400;BANANAS;4892;2;4891;22;;;4898;24;;;;;4895.0;941.78125
-1;52500;PEARLS;9996;1;9995;30;;;10004;1;10005;30;;;10000.0;408.0
-1;52500;BANANAS;4891;31;;;;;4898;31;;;;;4894.5;941.0625
-1;52600;BANANAS;4891;24;;;;;4897;1;4898;23;;;4894.0;945.6406
-1;52600;PEARLS;9996;1;9995;23;;;9998;2;10004;1;10005;23;9997.0;408.0
-1;52700;PEARLS;9995;29;;;;;9998;1;10005;29;;;9996.5;412.0
-1;52700;BANANAS;4891;29;;;;;4897;29;;;;;4894.0;946.08594
-1;52800;PEARLS;9995;24;;;;;9998;1;10005;24;;;9996.5;414.0
-1;52800;BANANAS;4891;24;;;;;4897;24;;;;;4894.0;951.2656
-1;52900;PEARLS;9996;1;9995;30;;;10004;1;10005;30;;;10000.0;416.0
-1;52900;BANANAS;4891;1;4890;30;;;4897;31;;;;;4894.0;944.0469
-1;53000;BANANAS;4891;28;;;;;4898;28;;;;;4894.5;957.4844
-1;53000;PEARLS;9995;28;;;;;10005;28;;;;;10000.0;416.0
-1;53100;PEARLS;9996;1;9995;30;;;10004;1;10005;30;;;10000.0;416.0
-1;53100;BANANAS;4892;31;;;;;4898;31;;;;;4895.0;988.46875
-1;53200;PEARLS;9996;1;9995;30;;;9998;1;10004;1;10005;30;9997.0;416.0
-1;53200;BANANAS;4892;31;;;;;4898;1;4899;30;;;4895.0;990.3125
-1;53300;PEARLS;9996;1;9995;23;;;10004;1;10005;23;;;10000.0;418.0
-1;53300;BANANAS;4892;24;;;;;4899;24;;;;;4895.5;988.78906
-1;53400;BANANAS;4892;23;;;;;4893;1;4899;23;;;4892.5;977.2031
-1;53400;PEARLS;9995;23;;;;;10005;23;;;;;10000.0;418.0
-1;53500;PEARLS;9996;1;9995;25;;;10002;8;10004;1;10005;25;9999.0;418.0
-1;53500;BANANAS;4892;26;;;;;4897;8;4899;26;;;4894.5;985.8047
-1;53600;PEARLS;9998;2;9995;23;;;10005;23;;;;;10001.5;418.0
-1;53600;BANANAS;4893;1;4892;23;;;4899;23;;;;;4896.0;978.15625
-1;53700;PEARLS;9996;2;9995;25;;;10002;10;10004;2;10005;25;9999.0;418.0
-1;53700;BANANAS;4892;27;;;;;4897;10;4898;2;4899;25;4894.5;985.78125
-1;53800;BANANAS;4892;25;;;;;4897;6;4898;2;4899;23;4894.5;998.5
-1;53800;PEARLS;9996;2;9995;23;;;9998;13;10002;6;10004;2;9997.0;418.0
-1;53900;PEARLS;9995;28;;;;;10005;28;;;;;10000.0;444.0
-1;53900;BANANAS;4897;1;4896;4;4891;28;4898;28;;;;;4897.5;1007.33594
-1;54000;PEARLS;9996;1;9995;21;;;10004;1;10005;21;;;10000.0;444.0
-1;54000;BANANAS;4891;22;;;;;4898;22;;;;;4894.5;1020.34375
-1;54100;PEARLS;9995;23;;;;;10005;23;;;;;10000.0;444.0
-1;54100;BANANAS;4892;23;;;;;4899;23;;;;;4895.5;1010.5078
-1;54200;BANANAS;4892;1;4891;20;;;4898;21;;;;;4895.0;997.2578
-1;54200;PEARLS;9996;1;9995;20;;;10004;1;10005;20;;;10000.0;444.0
-1;54300;BANANAS;4892;1;4891;25;;;4898;25;;;;;4895.0;1008.5625
-1;54300;PEARLS;9998;1;9995;25;;;10005;25;;;;;10001.5;444.0
-1;54400;PEARLS;9996;2;9995;22;;;10004;2;10005;22;;;10000.0;444.0
-1;54400;BANANAS;4892;23;;;;;4898;2;4899;22;;;4895.0;1009.78906
-1;54500;BANANAS;4892;28;;;;;4897;9;4899;29;;;4894.5;1012.625
-1;54500;PEARLS;9995;29;;;;;10002;9;10005;29;;;9998.5;444.0
-1;54600;BANANAS;4893;4;4892;28;;;4899;28;;;;;4896.0;1006.1172
-1;54600;PEARLS;9998;4;9996;2;9995;26;10004;2;10005;26;;;10001.0;444.0
-1;54700;PEARLS;9998;2;9995;21;;;10005;21;;;;;10001.5;444.0
-1;54700;BANANAS;4894;3;4893;21;;;4900;21;;;;;4897.0;999.21094
-1;54800;PEARLS;9996;1;9995;23;;;10004;1;10005;23;;;10000.0;444.0
-1;54800;BANANAS;4893;24;;;;;4899;1;4900;23;;;4896.0;991.1328
-1;54900;PEARLS;9996;1;9995;28;;;10004;1;10005;28;;;10000.0;444.0
-1;54900;BANANAS;4893;29;;;;;4899;1;4900;28;;;4896.0;977.4844
-1;55000;BANANAS;4893;27;;;;;4900;27;;;;;4896.5;983.47656
-1;55000;PEARLS;9995;27;;;;;9998;5;10005;27;;;9996.5;444.0
-1;55100;PEARLS;10002;9;9996;2;9995;29;10004;2;10005;29;;;10003.0;454.0
-1;55100;BANANAS;4894;2;4893;29;;;4900;31;;;;;4897.0;991.27344
-1;55200;PEARLS;9995;25;;;;;10005;25;;;;;10000.0;472.0
-1;55200;BANANAS;4894;25;;;;;4900;25;;;;;4897.0;995.0156
-1;55300;PEARLS;9996;1;9995;24;;;10002;7;10004;1;10005;24;9999.0;472.0
-1;55300;BANANAS;4894;25;;;;;4899;7;4901;25;;;4896.5;1001.75
-1;55400;BANANAS;4895;1;4894;22;;;4901;23;;;;;4898.0;998.5469
-1;55400;PEARLS;9996;1;9995;22;;;10004;1;10005;22;;;10000.0;472.0
-1;55500;PEARLS;9995;26;;;;;10005;26;;;;;10000.0;472.0
-1;55500;BANANAS;4898;2;4894;26;;;4901;26;;;;;4899.5;983.125
-1;55600;PEARLS;9998;7;9996;1;9995;27;10004;1;10005;27;;;10001.0;472.0
-1;55600;BANANAS;4895;7;4894;28;;;4900;1;4901;27;;;4897.5;976.28125
-1;55700;BANANAS;4893;21;;;;;4898;7;4900;21;;;4895.5;985.5156
-1;55700;PEARLS;9995;21;;;;;10002;7;10005;21;;;9998.5;472.0
-1;55800;BANANAS;4894;23;;;;;4900;2;4901;21;;;4897.0;993.21875
-1;55800;PEARLS;9996;2;9995;21;;;10004;2;10005;21;;;10000.0;472.0
-1;55900;BANANAS;4894;24;;;;;4901;24;;;;;4897.5;989.09375
-1;55900;PEARLS;9995;24;;;;;9998;11;10005;24;;;9996.5;472.0
-1;56000;PEARLS;9996;2;9995;20;;;10004;2;10005;20;;;10000.0;494.0
-1;56000;BANANAS;4895;22;;;;;4901;22;;;;;4898.0;989.15625
-1;56100;BANANAS;4894;30;;;;;4901;30;;;;;4897.5;996.84375
-1;56100;PEARLS;9996;1;9995;29;;;10004;1;10005;29;;;10000.0;494.0
-1;56200;BANANAS;4894;28;;;;;4900;2;4901;26;;;4897.0;997.2031
-1;56200;PEARLS;9996;2;9995;26;;;10004;2;10005;26;;;10000.0;494.0
-1;56300;BANANAS;4894;23;;;;;4899;8;4901;23;;;4896.5;990.3047
-1;56300;PEARLS;9995;23;;;;;10002;8;10005;23;;;9998.5;494.0
-1;56400;PEARLS;9998;6;9995;23;;;10005;23;;;;;10001.5;494.0
-1;56400;BANANAS;4895;6;4894;23;;;4901;23;;;;;4898.0;984.9219
-1;56500;BANANAS;4894;25;;;;;4901;25;;;;;4897.5;987.28906
-1;56500;PEARLS;9995;25;;;;;10005;25;;;;;10000.0;494.0
-1;56600;BANANAS;4894;27;;;;;4901;27;;;;;4897.5;982.4219
-1;56600;PEARLS;9996;1;9995;26;;;10004;1;10005;26;;;10000.0;494.0
-1;56700;BANANAS;4894;24;;;;;4901;25;;;;;4897.5;987.28906
-1;56700;PEARLS;9995;25;;;;;10005;25;;;;;10000.0;494.0
-1;56800;PEARLS;9995;24;;;;;10005;24;;;;;10000.0;494.0
-1;56800;BANANAS;4894;23;;;;;4900;24;;;;;4897.0;984.90625
-1;56900;BANANAS;4895;5;4894;20;;;4901;20;;;;;4898.0;987.8281
-1;56900;PEARLS;9998;5;9995;20;;;10005;20;;;;;10001.5;494.0
-1;57000;BANANAS;4893;25;;;;;4900;25;;;;;4896.5;983.3203
-1;57000;PEARLS;9995;25;;;;;10005;25;;;;;10000.0;494.0
-1;57100;BANANAS;4894;2;4893;25;;;4900;27;;;;;4897.0;984.6406
-1;57100;PEARLS;9996;2;9995;25;;;10004;2;10005;25;;;10000.0;494.0
-1;57200;PEARLS;9995;26;;;;;10005;26;;;;;10000.0;494.0
-1;57200;BANANAS;4893;26;;;;;4896;2;4900;26;;;4894.5;988.25
-1;57300;BANANAS;4893;25;;;;;4900;25;;;;;4896.5;993.0469
-1;57300;PEARLS;10002;1;9995;25;;;10005;25;;;;;10003.5;494.0
-1;57400;BANANAS;4893;27;;;;;4898;2;4899;2;4900;26;4895.5;999.1406
-1;57400;PEARLS;9996;2;9995;26;;;10002;2;10004;2;10005;26;9999.0;496.0
-1;57500;BANANAS;4892;31;;;;;4897;1;4899;31;;;4894.5;1016.6719
-1;57500;PEARLS;9996;1;9995;30;;;10002;1;10004;1;10005;30;9999.0;496.0
-1;57600;PEARLS;9995;29;;;;;9998;1;10005;29;;;9996.5;496.0
-1;57600;BANANAS;4892;29;;;;;4899;29;;;;;4895.5;1020.64844
-1;57700;BANANAS;4892;30;;;;;4897;2;4899;30;;;4894.5;1019.28906
-1;57700;PEARLS;9996;2;9995;28;;;10002;2;10004;2;10005;28;9999.0;498.0
-1;57800;BANANAS;4892;28;;;;;4899;28;;;;;4895.5;1021.3906
-1;57800;PEARLS;9996;2;9995;26;;;10004;2;10005;26;;;10000.0;498.0
-1;57900;BANANAS;4893;32;;;;;4899;2;4900;30;;;4896.0;1007.78125
-1;57900;PEARLS;10002;1;9996;2;9995;30;10004;2;10005;30;;;10003.0;498.0
-1;58000;PEARLS;9998;7;9995;23;;;10005;23;;;;;10001.5;500.0
-1;58000;BANANAS;4893;6;4892;23;;;4899;23;;;;;4896.0;1004.83594
-1;58100;BANANAS;4893;23;;;;;4899;1;4900;23;;;4896.0;999.3281
-1;58100;PEARLS;9996;1;9995;23;;;10004;1;10005;23;;;10000.0;500.0
-1;58200;BANANAS;4893;26;;;;;4899;2;4900;24;;;4896.0;1007.375
-1;58200;PEARLS;9996;2;9995;24;;;10004;2;10005;24;;;10000.0;500.0
-1;58300;BANANAS;4893;23;;;;;4900;23;;;;;4896.5;1008.9453
-1;58300;PEARLS;9996;2;9995;21;;;9998;1;10004;2;10005;21;9997.0;500.0
-1;58400;PEARLS;9995;21;;;;;10000;4;10005;21;;;9997.5;502.0
-1;58400;BANANAS;4893;21;;;;;4900;21;;;;;4896.5;1019.96875
-1;58500;BANANAS;4894;1;4893;29;;;4900;30;;;;;4897.0;1022.75
-1;58500;PEARLS;9996;1;9995;29;;;9998;1;10004;1;10005;29;9997.0;502.0
-1;58600;BANANAS;4894;2;4893;29;;;4899;2;4900;27;;;4896.5;1017.9531
-1;58600;PEARLS;9998;2;9996;2;9995;27;10004;2;10005;27;;;10001.0;504.0
-1;58700;BANANAS;4893;1;4892;24;;;4899;25;;;;;4896.0;1019.6406
-1;58700;PEARLS;9996;1;9995;24;;;10004;1;10005;24;;;10000.0;504.0
-1;58800;BANANAS;4894;5;4893;24;;;4900;24;;;;;4897.0;1013.5469
-1;58800;PEARLS;9998;4;9996;2;9995;22;10004;2;10005;22;;;10001.0;504.0
-1;58900;PEARLS;9995;22;;;;;9998;1;10005;22;;;9996.5;504.0
-1;58900;BANANAS;4894;22;;;;;4901;22;;;;;4897.5;1016.625
-1;59000;PEARLS;9995;26;;;;;10005;26;;;;;10000.0;506.0
-1;59000;BANANAS;4895;9;4894;26;;;4901;26;;;;;4898.0;1020.89844
-1;59100;BANANAS;4893;30;;;;;4894;12;4900;30;;;4893.5;1019.3672
-1;59100;PEARLS;9995;30;;;;;9998;2;10005;30;;;9996.5;506.0
-1;59200;PEARLS;10000;3;9996;2;9995;29;10004;2;10005;29;;;10002.0;506.0
-1;59200;BANANAS;4897;1;4893;31;;;4900;31;;;;;4898.5;1014.9531
-1;59300;PEARLS;9996;2;9995;28;;;9998;13;10004;2;10005;28;9997.0;506.0
-1;59300;BANANAS;4894;2;4893;28;;;4900;30;;;;;4897.0;1006.91406
-1;59400;PEARLS;9995;28;;;;;10005;28;;;;;10000.0;506.0
-1;59400;BANANAS;4894;28;;;;;4899;3;4901;28;;;4896.5;1011.2422
-1;59500;BANANAS;4895;1;4894;29;;;4900;2;4901;27;;;4897.5;1002.6875
-1;59500;PEARLS;9998;1;9996;2;9995;27;10004;2;10005;27;;;10001.0;506.0
-1;59600;PEARLS;9995;25;;;;;10005;25;;;;;10000.0;506.0
-1;59600;BANANAS;4894;25;;;;;4901;25;;;;;4897.5;1011.875
-1;59700;PEARLS;9998;8;9996;2;9995;26;10004;2;10005;26;;;10001.0;506.0
-1;59700;BANANAS;4895;8;4894;28;;;4901;28;;;;;4898.0;1020.9219
-1;59800;PEARLS;9995;20;;;;;10005;20;;;;;10000.0;506.0
-1;59800;BANANAS;4893;20;;;;;4900;20;;;;;4896.5;1021.875
-1;59900;BANANAS;4894;3;4893;22;;;4900;24;;;;;4897.0;1026.4766
-1;59900;PEARLS;10002;1;9998;1;9996;2;10004;2;10005;22;;;10003.0;506.0
-1;60000;PEARLS;9998;4;9996;2;9995;29;10004;2;10005;29;;;10001.0;508.0
-1;60000;BANANAS;4894;4;4893;31;;;4900;31;;;;;4897.0;1036.75
-1;60100;PEARLS;9995;25;;;;;9998;1;10005;25;;;9996.5;508.0
-1;60100;BANANAS;4893;25;;;;;4900;25;;;;;4896.5;1041.0625
-1;60200;PEARLS;10000;3;9996;1;9995;21;10004;1;10005;21;;;10002.0;510.0
-1;60200;BANANAS;4894;1;4893;21;;;4900;22;;;;;4897.0;1040.6406
-1;60300;PEARLS;9996;2;9995;22;;;10004;2;10005;22;;;10000.0;510.0
-1;60300;BANANAS;4893;24;;;;;4900;24;;;;;4896.5;1036.8906
-1;60400;BANANAS;4893;25;;;;;4900;25;;;;;4896.5;1037.4688
-1;60400;PEARLS;10000;4;9996;1;9995;24;10004;1;10005;24;;;10002.0;510.0
-1;60500;PEARLS;9996;2;9995;20;;;10004;2;10005;20;;;10000.0;510.0
-1;60500;BANANAS;4893;22;;;;;4900;22;;;;;4896.5;1039.3906
-1;60600;PEARLS;9995;27;;;;;10002;3;10005;27;;;9998.5;510.0
-1;60600;BANANAS;4893;27;;;;;4898;3;4900;27;;;4895.5;1039.9141
-1;60700;PEARLS;9996;2;9995;29;;;10002;8;10004;2;10005;29;9999.0;510.0
-1;60700;BANANAS;4894;31;;;;;4898;8;4900;31;;;4896.0;1044.4219
-1;60800;BANANAS;4894;25;;;;;4900;1;4901;24;;;4897.0;1030.0
-1;60800;PEARLS;9996;1;9995;24;;;10004;1;10005;24;;;10000.0;510.0
-1;60900;PEARLS;9996;2;9995;23;;;10004;2;10005;23;;;10000.0;510.0
-1;60900;BANANAS;4894;25;;;;;4900;2;4901;23;;;4897.0;1020.8047
-1;61000;PEARLS;9996;1;9995;30;;;10004;1;10005;30;;;10000.0;510.0
-1;61000;BANANAS;4894;31;;;;;4900;31;;;;;4897.0;1011.75
-1;61100;PEARLS;9996;2;9995;30;;;10004;2;10005;30;;;10000.0;510.0
-1;61100;BANANAS;4894;32;;;;;4895;2;4897;3;4900;2;4894.5;1012.6406
-1;61200;BANANAS;4894;30;;;;;4901;30;;;;;4897.5;1007.0703
-1;61200;PEARLS;9995;30;;;;;10005;30;;;;;10000.0;510.0
-1;61300;PEARLS;9996;1;9995;30;;;10004;1;10005;30;;;10000.0;510.0
-1;61300;BANANAS;4893;31;;;;;4900;31;;;;;4896.5;1002.78125
-1;61400;PEARLS;10002;2;9996;2;9995;26;10004;2;10005;26;;;10003.0;510.0
-1;61400;BANANAS;4894;2;4893;26;;;4900;28;;;;;4897.0;1013.5469
-1;61500;PEARLS;10002;6;9995;29;;;10005;29;;;;;10003.5;514.0
-1;61500;BANANAS;4893;29;;;;;4900;29;;;;;4896.5;1029.7812
-1;61600;BANANAS;4893;26;;;;;4899;26;;;;;4896.0;1030.4922
-1;61600;PEARLS;9996;1;9995;25;;;10004;1;10005;25;;;10000.0;526.0
-1;61700;PEARLS;9996;1;9995;22;;;10004;1;10005;22;;;10000.0;526.0
-1;61700;BANANAS;4898;1;4893;23;;;4899;1;4900;22;;;4898.5;1024.7188
-1;61800;PEARLS;9995;29;;;;;10005;29;;;;;10000.0;526.0
-1;61800;BANANAS;4892;29;;;;;4899;29;;;;;4895.5;1017.6406
-1;61900;PEARLS;9996;2;9995;23;;;9998;1;10004;2;10005;23;9997.0;526.0
-1;61900;BANANAS;4892;25;;;;;4899;25;;;;;4895.5;1018.5469
-1;62000;BANANAS;4892;23;;;;;4898;1;4899;22;;;4895.0;1004.64844
-1;62000;PEARLS;9996;1;9995;22;;;10004;1;10005;22;;;10000.0;528.0
-1;62100;PEARLS;9996;1;9995;24;;;10004;1;10005;24;;;10000.0;528.0
-1;62100;BANANAS;4892;25;;;;;4898;1;4899;24;;;4895.0;1007.3906
-1;62200;PEARLS;9998;9;9995;26;;;10005;26;;;;;10001.5;528.0
-1;62200;BANANAS;4893;8;4892;26;;;4899;26;;;;;4896.0;999.16406
-1;62300;PEARLS;9996;1;9995;21;;;10004;1;10005;21;;;10000.0;528.0
-1;62300;BANANAS;4892;22;;;;;4899;22;;;;;4895.5;1011.65625
-1;62400;BANANAS;4892;26;;;;;4899;26;;;;;4895.5;1006.6875
-1;62400;PEARLS;9995;26;;;;;10005;26;;;;;10000.0;528.0
-1;62500;PEARLS;9996;2;9995;27;;;10004;2;10005;27;;;10000.0;528.0
-1;62500;BANANAS;4892;29;;;;;4899;29;;;;;4895.5;1005.03125
-1;62600;PEARLS;9996;2;9995;29;;;10004;2;10005;29;;;10000.0;528.0
-1;62600;BANANAS;4893;2;4892;29;;;4899;31;;;;;4896.0;997.0469
-1;62700;PEARLS;9995;25;;;;;10002;4;10005;25;;;9998.5;528.0
-1;62700;BANANAS;4893;25;;;;;4898;4;4900;25;;;4895.5;1004.2031
-1;62800;BANANAS;4893;28;;;;;4899;28;;;;;4896.0;993.1406
-1;62800;PEARLS;9996;1;9995;27;;;10004;1;10005;27;;;10000.0;528.0
-1;62900;PEARLS;9996;1;9995;21;;;10004;1;10005;21;;;10000.0;528.0
-1;62900;BANANAS;4894;1;4893;21;;;4900;22;;;;;4897.0;993.40625
-1;63000;PEARLS;9996;2;9995;25;;;10004;2;10005;25;;;10000.0;528.0
-1;63000;BANANAS;4893;27;;;;;4899;2;4900;25;;;4896.0;990.3906
-1;63100;BANANAS;4893;20;;;;;4898;1;4900;20;;;4895.5;989.96094
-1;63100;PEARLS;9995;20;;;;;10002;1;10005;20;;;9998.5;528.0
-1;63200;BANANAS;4893;24;;;;;4900;24;;;;;4896.5;989.2344
-1;63200;PEARLS;9995;24;;;;;10005;24;;;;;10000.0;528.0
-1;63300;BANANAS;4894;2;4893;26;;;4900;28;;;;;4897.0;988.66406
-1;63300;PEARLS;9996;2;9995;26;;;10004;2;10005;26;;;10000.0;528.0
-1;63400;PEARLS;9996;1;9995;30;;;10002;9;10004;1;10005;30;9999.0;528.0
-1;63400;BANANAS;4894;1;4893;30;;;4898;9;4900;31;;;4896.0;991.7578
-1;63500;PEARLS;9996;2;9995;30;;;9998;1;10002;3;10004;2;9997.0;528.0
-1;63500;BANANAS;4893;32;;;;;4898;3;4900;32;;;4895.5;992.6172
-1;63600;BANANAS;4894;31;;;;;4898;6;4900;31;;;4896.0;993.0
-1;63600;PEARLS;9996;1;9995;30;;;10002;6;10004;1;10005;30;9999.0;530.0
-1;63700;PEARLS;9998;8;9996;2;9995;22;10004;2;10005;22;;;10001.0;530.0
-1;63700;BANANAS;4895;8;4894;24;;;4900;24;;;;;4897.5;987.96875
-1;63800;PEARLS;9996;2;9995;26;;;10004;2;10005;26;;;10000.0;530.0
-1;63800;BANANAS;4894;27;;;;;4901;28;;;;;4897.5;979.7344
-1;63900;PEARLS;9995;25;;;;;10002;3;10005;25;;;9998.5;530.0
-1;63900;BANANAS;4894;25;;;;;4895;1;4899;3;4901;25;4894.5;972.33594
-1;64000;BANANAS;4895;1;4894;30;;;4901;31;;;;;4898.0;965.8203
-1;64000;PEARLS;9996;1;9995;30;;;10004;1;10005;30;;;10000.0;530.0
-1;64100;PEARLS;9995;29;;;;;10005;29;;;;;10000.0;530.0
-1;64100;BANANAS;4894;29;;;;;4901;29;;;;;4897.5;950.9297
-1;64200;PEARLS;9996;1;9995;23;;;10002;1;10004;1;10005;23;9999.0;530.0
-1;64200;BANANAS;4895;1;4894;23;;;4899;1;4901;24;;;4897.0;948.7422
-1;64300;PEARLS;9995;29;;;;;10005;29;;;;;10000.0;530.0
-1;64300;BANANAS;4895;29;;;;;4902;29;;;;;4898.5;944.875
-1;64400;BANANAS;4894;25;;;;;4901;26;;;;;4897.5;942.25
-1;64400;PEARLS;9996;1;9995;25;;;10004;1;10005;25;;;10000.0;530.0
-1;64500;PEARLS;9998;1;9996;1;9995;30;10004;1;10005;30;;;10001.0;530.0
-1;64500;BANANAS;4896;1;4895;31;;;4901;1;4902;30;;;4898.5;945.1953
-1;64600;PEARLS;9996;1;9995;23;;;10004;1;10005;23;;;10000.0;530.0
-1;64600;BANANAS;4895;23;;;;;4901;1;4902;23;;;4898.0;950.8203
-1;64700;BANANAS;4895;30;;;;;4900;1;4902;30;;;4897.5;945.7656
-1;64700;PEARLS;9996;2;9995;28;;;10002;1;10004;2;10005;28;9999.0;530.0
-1;64800;BANANAS;4895;28;;;;;4900;4;4902;28;;;4897.5;941.1406
-1;64800;PEARLS;9996;2;9995;26;;;10002;4;10004;2;10005;26;9999.0;530.0
-1;64900;BANANAS;4895;29;;;;;4902;30;;;;;4898.5;935.97656
-1;64900;PEARLS;9995;30;;;;;10005;30;;;;;10000.0;530.0
-1;65000;PEARLS;9995;22;;;;;10002;3;10005;22;;;9998.5;530.0
-1;65000;BANANAS;4895;22;;;;;4900;3;4902;22;;;4897.5;944.875
-1;65100;BANANAS;4896;9;4895;31;;;4902;31;;;;;4899.0;942.6797
-1;65100;PEARLS;9998;9;9996;2;9995;29;10004;2;10005;29;;;10001.0;530.0
-1;65200;BANANAS;4895;25;;;;;4901;25;;;;;4898.0;932.9219
-1;65200;PEARLS;10002;5;9995;25;;;10005;25;;;;;10003.5;530.0
-1;65300;BANANAS;4900;1;4895;5;4894;29;4901;31;;;;;4900.5;927.4375
-1;65300;PEARLS;10002;1;9998;3;9996;2;10004;2;10005;29;;;10003.0;540.0
-1;65400;PEARLS;9996;1;9995;24;;;9998;1;10004;1;10005;24;9997.0;542.0
-1;65400;BANANAS;4894;25;;;;;4901;25;;;;;4897.5;935.9844
-1;65500;BANANAS;4895;2;4894;25;;;4899;6;4901;27;;;4897.0;939.7578
-1;65500;PEARLS;9996;2;9995;25;;;10002;6;10004;2;10005;25;9999.0;544.0
-1;65600;BANANAS;4895;8;4894;28;;;4901;28;;;;;4898.0;940.125
-1;65600;PEARLS;9998;8;9995;28;;;10005;28;;;;;10001.5;544.0
-1;65700;BANANAS;4894;21;;;;;4901;21;;;;;4897.5;941.8906
-1;65700;PEARLS;9995;21;;;;;10005;21;;;;;10000.0;544.0
-1;65800;PEARLS;9995;29;;;;;10005;29;;;;;10000.0;544.0
-1;65800;BANANAS;4894;29;;;;;4901;29;;;;;4897.5;931.4453
-1;65900;BANANAS;4895;1;4894;26;;;4901;27;;;;;4898.0;926.03906
-1;65900;PEARLS;9996;1;9995;26;;;10004;1;10005;26;;;10000.0;544.0
-1;66000;BANANAS;4894;21;;;;;4901;21;;;;;4897.5;938.3906
-1;66000;PEARLS;9996;1;9995;20;;;9998;2;10004;1;10005;20;9997.0;544.0
-1;66100;BANANAS;4893;22;;;;;4900;22;;;;;4896.5;931.91406
-1;66100;PEARLS;9995;22;;;;;10005;22;;;;;10000.0;548.0
-1;66200;PEARLS;9995;28;;;;;10005;28;;;;;10000.0;548.0
-1;66200;BANANAS;4894;28;;;;;4901;28;;;;;4897.5;931.2969
-1;66300;BANANAS;4893;25;;;;;4900;25;;;;;4896.5;937.41406
-1;66300;PEARLS;9995;25;;;;;9998;1;10005;25;;;9996.5;548.0
-1;66400;BANANAS;4893;29;;;;;4898;6;4899;29;;;4895.5;930.4531
-1;66400;PEARLS;9996;1;9995;28;;;10002;6;10004;1;10005;28;9999.0;550.0
-1;66500;BANANAS;4892;23;;;;;4898;2;4899;22;;;4895.0;933.6172
-1;66500;PEARLS;9996;2;9995;22;;;10004;2;10005;22;;;10000.0;550.0
-1;66600;PEARLS;9995;25;;;;;10002;8;10005;25;;;9998.5;550.0
-1;66600;BANANAS;4895;1;4892;25;;;4897;8;4899;25;;;4896.0;916.1172
-1;66700;BANANAS;4894;6;4893;1;4892;30;4898;30;;;;;4896.0;912.3047
-1;66700;PEARLS;9998;1;9995;30;;;10005;30;;;;;10001.5;550.0
-1;66800;BANANAS;4891;24;;;;;4898;24;;;;;4894.5;904.1797
-1;66800;PEARLS;9996;2;9995;22;;;9998;1;10004;2;10005;22;9997.0;550.0
-1;66900;BANANAS;4891;29;;;;;4898;29;;;;;4894.5;895.35156
-1;66900;PEARLS;9996;1;9995;28;;;10004;1;10005;28;;;10000.0;552.0
-1;67000;PEARLS;10002;4;9996;2;9995;30;10004;2;10005;30;;;10003.0;552.0
-1;67000;BANANAS;4892;2;4891;30;;;4893;5;4898;32;;;4892.5;888.1406
-1;67100;BANANAS;4891;22;;;;;4892;1;4896;4;4898;22;4891.5;883.8125
-1;67100;PEARLS;9996;1;9995;21;;;10002;4;10004;1;10005;21;9999.0;560.0
-1;67200;BANANAS;4891;30;;;;;4897;2;4898;28;;;4894.0;863.5078
-1;67200;PEARLS;9996;2;9995;28;;;10004;2;10005;28;;;10000.0;560.0
-1;67300;BANANAS;4891;1;4890;25;;;4895;3;4897;26;;;4893.0;869.0625
-1;67300;PEARLS;9996;1;9995;25;;;10002;3;10004;1;10005;25;9999.0;560.0
-1;67400;PEARLS;9996;1;9995;29;;;9998;5;10004;1;10005;29;9997.0;560.0
-1;67400;BANANAS;4891;30;;;;;4897;1;4898;29;;;4894.0;861.2344
-1;67500;PEARLS;9996;1;9995;28;;;10004;1;10005;28;;;10000.0;570.0
-1;67500;BANANAS;4892;1;4891;28;;;4898;29;;;;;4895.0;873.25
-1;67600;BANANAS;4891;31;;;;;4897;31;;;;;4894.0;875.0781
-1;67600;PEARLS;9996;1;9995;30;;;10004;1;10005;30;;;10000.0;570.0
-1;67700;BANANAS;4892;2;4891;21;;;4898;21;;;;;4895.0;876.66406
-1;67700;PEARLS;10002;1;9998;2;9995;21;10005;21;;;;;10003.5;570.0
-1;67800;BANANAS;4892;23;;;;;4898;23;;;;;4895.0;885.78125
-1;67800;PEARLS;9996;2;9995;21;;;9998;1;10004;2;10005;21;9997.0;572.0
-1;67900;PEARLS;9996;2;9995;20;;;10002;4;10004;2;10005;20;9999.0;574.0
-1;67900;BANANAS;4893;2;4892;20;;;4897;4;4899;22;;;4895.0;882.9219
-1;68000;PEARLS;9995;30;;;;;10005;30;;;;;10000.0;574.0
-1;68000;BANANAS;4892;30;;;;;4899;30;;;;;4895.5;889.59375
-1;68100;BANANAS;4892;26;;;;;4899;26;;;;;4895.5;879.0469
-1;68100;PEARLS;9995;26;;;;;10005;26;;;;;10000.0;574.0
-1;68200;PEARLS;9996;2;9995;24;;;10004;2;10005;24;;;10000.0;574.0
-1;68200;BANANAS;4892;26;;;;;4895;5;4898;2;4899;24;4893.5;884.65625
-1;68300;PEARLS;9996;1;9995;26;;;10004;1;10005;26;;;10000.0;574.0
-1;68300;BANANAS;4892;1;4891;26;;;4898;27;;;;;4895.0;876.9453
-1;68400;PEARLS;9998;6;9995;28;;;10005;28;;;;;10001.5;574.0
-1;68400;BANANAS;4892;34;;;;;4898;28;;;;;4895.0;879.8906
-1;68500;BANANAS;4893;2;4892;24;;;4899;24;;;;;4896.0;886.58594
-1;68500;PEARLS;9998;2;9996;1;9995;23;10004;1;10005;23;;;10001.0;574.0
-1;68600;PEARLS;9996;1;9995;30;;;10002;10;10004;1;10005;30;9999.0;574.0
-1;68600;BANANAS;4892;31;;;;;4897;10;4899;31;;;4894.5;890.2578
-1;68700;PEARLS;10002;1;9998;7;9996;2;10004;2;10005;27;;;10003.0;574.0
-1;68700;BANANAS;4894;7;4893;29;;;4899;29;;;;;4896.5;884.8281
-1;68800;PEARLS;9995;23;;;;;10005;23;;;;;10000.0;576.0
-1;68800;BANANAS;4893;23;;;;;4900;23;;;;;4896.5;891.09375
-1;68900;BANANAS;4896;6;4893;21;;;4900;21;;;;;4898.0;883.5
-1;68900;PEARLS;9995;21;;;;;10005;21;;;;;10000.0;576.0
-1;69000;BANANAS;4894;3;4893;21;;;4900;21;;;;;4897.0;886.3281
-1;69000;PEARLS;9998;3;9996;1;9995;20;10004;1;10005;20;;;10001.0;576.0
-1;69100;PEARLS;9995;21;;;;;10005;21;;;;;10000.0;576.0
-1;69100;BANANAS;4893;21;;;;;4900;21;;;;;4896.5;885.77344
-1;69200;PEARLS;9996;1;9995;26;;;10002;6;10004;1;10005;26;9999.0;576.0
-1;69200;BANANAS;4893;27;;;;;4898;6;4899;1;4900;26;4895.5;892.1875
-1;69300;PEARLS;9996;2;9995;22;;;10004;2;10005;22;;;10000.0;576.0
-1;69300;BANANAS;4893;24;;;;;4899;2;4900;22;;;4896.0;900.4219
-1;69400;BANANAS;4893;28;;;;;4899;1;4900;27;;;4896.0;899.8672
-1;69400;PEARLS;10002;4;9996;1;9995;27;10004;1;10005;27;;;10003.0;576.0
-1;69500;PEARLS;10002;2;9998;3;9995;27;10005;27;;;;;10003.5;584.0
-1;69500;BANANAS;4894;3;4893;27;;;4900;27;;;;;4897.0;892.83594
-1;69600;PEARLS;9996;1;9995;24;;;10002;4;10004;1;10005;24;9999.0;588.0
-1;69600;BANANAS;4893;25;;;;;4898;4;4900;25;;;4895.5;886.09375
-1;69700;PEARLS;9996;2;9995;27;;;10004;2;10005;27;;;10000.0;588.0
-1;69700;BANANAS;4894;29;;;;;4901;29;;;;;4897.5;882.10156
-1;69800;BANANAS;4895;1;4894;26;;;4901;28;;;;;4898.0;878.65625
-1;69800;PEARLS;9996;2;9995;26;;;10004;2;10005;26;;;10000.0;588.0
-1;69900;PEARLS;9995;26;;;;;10005;26;;;;;10000.0;588.0
-1;69900;BANANAS;4895;26;;;;;4902;26;;;;;4898.5;876.1172
-1;70000;PEARLS;9998;10;9996;1;9995;28;10004;1;10005;28;;;10001.0;588.0
-1;70000;BANANAS;4896;10;4895;29;;;4902;29;;;;;4899.0;874.375
-1;70100;PEARLS;9995;27;;;;;10002;6;10005;27;;;9998.5;588.0
-1;70100;BANANAS;4895;27;;;;;4900;6;4902;27;;;4897.5;868.2344
-1;70200;BANANAS;4896;1;4895;25;;;4902;26;;;;;4899.0;860.1797
-1;70200;PEARLS;9996;1;9995;25;;;10000;3;10004;1;10005;25;9998.0;588.0
-1;70300;PEARLS;9995;25;;;;;10005;25;;;;;10000.0;588.0
-1;70300;BANANAS;4895;25;;;;;4902;25;;;;;4898.5;843.5078
-1;70400;PEARLS;9996;2;9995;29;;;10002;4;10004;2;10005;29;9999.0;588.0
-1;70400;BANANAS;4895;31;;;;;4900;9;4902;31;;;4897.5;838.78125
-1;70500;PEARLS;9995;24;;;;;10005;24;;;;;10000.0;588.0
-1;70500;BANANAS;4895;24;;;;;4902;24;;;;;4898.5;849.2422
-1;70600;BANANAS;4900;1;4895;2;4894;27;4901;29;;;;;4900.5;838.6719
-1;70600;PEARLS;9996;2;9995;27;;;10004;2;10005;27;;;10000.0;588.0
-1;70700;PEARLS;9995;24;;;;;10002;2;10005;24;;;9998.5;588.0
-1;70700;BANANAS;4894;24;;;;;4899;2;4901;24;;;4896.5;836.58594
-1;70800;PEARLS;9996;2;9995;30;;;9998;1;10004;2;10005;30;9997.0;588.0
-1;70800;BANANAS;4895;1;4894;30;;;4901;32;;;;;4898.0;830.27344
-1;70900;PEARLS;9995;29;;;;;10005;29;;;;;10000.0;590.0
-1;70900;BANANAS;4894;29;;;;;4901;29;;;;;4897.5;817.9219
-1;71000;BANANAS;4899;1;4894;31;;;4901;31;;;;;4900.0;817.4219
-1;71000;PEARLS;9996;2;9995;29;;;10004;2;10005;29;;;10000.0;590.0
-1;71100;PEARLS;9996;2;9995;20;;;10004;2;10005;20;;;10000.0;590.0
-1;71100;BANANAS;4895;22;;;;;4896;7;4901;2;4902;20;4895.5;815.2969
-1;71200;PEARLS;9996;2;9995;24;;;10004;2;10005;24;;;10000.0;590.0
-1;71200;BANANAS;4896;2;4895;24;;;4902;26;;;;;4899.0;818.3906
-1;71300;PEARLS;9995;20;;;;;10005;20;;;;;10000.0;590.0
-1;71300;BANANAS;4895;20;;;;;4902;20;;;;;4898.5;830.9531
-1;71400;BANANAS;4895;30;;;;;4902;30;;;;;4898.5;820.3047
-1;71400;PEARLS;9998;1;9995;30;;;10005;30;;;;;10001.5;590.0
-1;71500;PEARLS;9996;1;9995;30;;;10004;1;10005;30;;;10000.0;590.0
-1;71500;BANANAS;4895;31;;;;;4902;31;;;;;4898.5;846.58594
-1;71600;PEARLS;9995;22;;;;;10005;22;;;;;10000.0;590.0
-1;71600;BANANAS;4895;22;;;;;4902;22;;;;;4898.5;851.4219
-1;71700;PEARLS;9995;28;;;;;10005;28;;;;;10000.0;590.0
-1;71700;BANANAS;4895;28;;;;;4902;28;;;;;4898.5;854.3281
-1;71800;BANANAS;4895;2;4894;20;;;4901;22;;;;;4898.0;860.1719
-1;71800;PEARLS;9996;2;9995;20;;;10004;2;10005;20;;;10000.0;590.0
-1;71900;PEARLS;9996;2;9995;20;;;10004;2;10005;20;;;10000.0;590.0
-1;71900;BANANAS;4894;22;;;;;4897;5;4901;22;;;4895.5;861.6875
-1;72000;PEARLS;9995;29;;;;;10002;8;10005;29;;;9998.5;590.0
-1;72000;BANANAS;4893;29;;;;;4898;8;4900;29;;;4895.5;871.03906
-1;72100;BANANAS;4893;28;;;;;4894;3;4898;1;4900;28;4893.5;863.59375
-1;72100;PEARLS;9996;2;9995;26;;;10002;1;10004;2;10005;26;9999.0;590.0
-1;72200;BANANAS;4893;1;4892;20;;;4899;21;;;;;4896.0;851.53125
-1;72200;PEARLS;9996;1;9995;20;;;10004;1;10005;20;;;10000.0;590.0
-1;72300;BANANAS;4893;30;;;;;4899;1;4900;29;;;4896.0;842.28906
-1;72300;PEARLS;9996;1;9995;29;;;10004;1;10005;29;;;10000.0;590.0
-1;72400;PEARLS;9995;24;;;;;10005;24;;;;;10000.0;590.0
-1;72400;BANANAS;4893;24;;;;;4900;24;;;;;4896.5;841.5547
-1;72500;PEARLS;9996;2;9995;28;;;10004;2;10005;28;;;10000.0;590.0
-1;72500;BANANAS;4893;30;;;;;4899;2;4900;28;;;4896.0;842.375
-1;72600;BANANAS;4895;4;4892;24;;;4899;24;;;;;4897.0;838.2031
-1;72600;PEARLS;9996;2;9995;22;;;10004;2;10005;22;;;10000.0;590.0
-1;72700;PEARLS;9995;29;;;;;10005;29;;;;;10000.0;590.0
-1;72700;BANANAS;4892;29;;;;;4899;29;;;;;4895.5;848.53906
-1;72800;PEARLS;9995;30;;;;;10005;30;;;;;10000.0;590.0
-1;72800;BANANAS;4893;30;;;;;4900;30;;;;;4896.5;854.4922
-1;72900;PEARLS;9996;1;9995;23;;;10004;1;10005;23;;;10000.0;590.0
-1;72900;BANANAS;4893;24;;;;;4899;24;;;;;4896.0;859.53125
-1;73000;BANANAS;4893;26;;;;;4900;26;;;;;4896.5;864.6094
-1;73000;PEARLS;9996;2;9995;24;;;10004;2;10005;24;;;10000.0;590.0
-1;73100;PEARLS;9996;2;9995;24;;;10002;5;10004;2;10005;24;9999.0;590.0
-1;73100;BANANAS;4893;26;;;;;4897;5;4899;26;;;4895.0;867.3047
-1;73200;PEARLS;9996;1;9995;30;;;10004;1;10005;30;;;10000.0;590.0
-1;73200;BANANAS;4893;31;;;;;4900;31;;;;;4896.5;881.78906
-1;73300;PEARLS;9996;2;9995;22;;;10004;2;10005;22;;;10000.0;590.0
-1;73300;BANANAS;4897;2;4893;24;;;4900;24;;;;;4898.5;873.14844
-1;73400;BANANAS;4893;30;;;;;4898;6;4899;1;4900;29;4895.5;884.3125
-1;73400;PEARLS;9996;1;9995;29;;;9998;1;10002;6;10004;1;9997.0;590.0
-1;73500;BANANAS;4893;21;;;;;4899;21;;;;;4896.0;892.64844
-1;73500;PEARLS;9995;21;;;;;9998;1;10005;21;;;9996.5;592.0
-1;73600;PEARLS;10002;1;9995;21;;;10005;21;;;;;10003.5;594.0
-1;73600;BANANAS;4893;21;;;;;4900;21;;;;;4896.5;878.2344
-1;73700;BANANAS;4898;1;4892;20;;;4899;20;;;;;4898.5;875.8203
-1;73700;PEARLS;9995;20;;;;;9998;10;10005;20;;;9996.5;596.0
-1;73800;BANANAS;4893;6;4892;27;;;4899;27;;;;;4896.0;876.0547
-1;73800;PEARLS;10002;1;9998;6;9995;27;10005;27;;;;;10003.5;616.0
-1;73900;BANANAS;4893;5;4892;22;;;4899;24;;;;;4896.0;886.1719
-1;73900;PEARLS;9998;3;9996;2;9995;22;10004;2;10005;22;;;10001.0;618.0
-1;74000;PEARLS;9995;21;;;;;10005;21;;;;;10000.0;618.0
-1;74000;BANANAS;4892;21;;;;;4895;3;4899;21;;;4893.5;886.66406
-1;74100;BANANAS;4892;28;;;;;4898;26;;;;;4895.0;887.1797
-1;74100;PEARLS;9998;2;9996;2;9995;24;10004;2;10005;24;;;10001.0;618.0
-1;74200;BANANAS;4891;29;;;;;4898;29;;;;;4894.5;883.78125
-1;74200;PEARLS;9995;29;;;;;10005;29;;;;;10000.0;618.0
-1;74300;BANANAS;4891;24;;;;;4892;11;4898;24;;;4891.5;882.5156
-1;74300;PEARLS;9995;24;;;;;10005;24;;;;;10000.0;618.0
-1;74400;PEARLS;9995;21;;;;;10005;21;;;;;10000.0;618.0
-1;74400;BANANAS;4891;20;;;;;4898;21;;;;;4894.5;892.5469
-1;74500;BANANAS;4894;1;4891;27;;;4897;27;;;;;4895.5;889.8594
-1;74500;PEARLS;9995;27;;;;;10005;27;;;;;10000.0;618.0
-1;74600;BANANAS;4891;1;4890;27;;;4897;29;;;;;4894.0;882.5781
-1;74600;PEARLS;9996;2;9995;27;;;10004;2;10005;27;;;10000.0;618.0
-1;74700;BANANAS;4890;22;;;;;4896;2;4897;20;;;4893.0;880.09375
-1;74700;PEARLS;9996;2;9995;20;;;9998;1;10004;2;10005;20;9997.0;618.0
-1;74800;PEARLS;9996;2;9995;22;;;9998;2;10004;2;10005;22;9997.0;620.0
-1;74800;BANANAS;4890;24;;;;;4896;24;;;;;4893.0;878.27344
-1;74900;BANANAS;4890;22;;;;;4895;3;4896;1;4897;21;4892.5;865.4375
-1;74900;PEARLS;9996;1;9995;21;;;9998;1;10002;3;10004;1;9997.0;624.0
-1;75000;BANANAS;4890;25;;;;;4896;25;;;;;4893.0;859.7344
-1;75000;PEARLS;9996;2;9995;23;;;10004;2;10005;23;;;10000.0;624.0
-1;75100;BANANAS;4891;5;4890;23;;;4897;23;;;;;4894.0;859.9531
-1;75100;PEARLS;10002;1;10000;4;9998;5;10004;2;10005;21;;;10003.0;624.0
-1;75200;PEARLS;9996;1;9995;28;;;10004;1;10005;28;;;10000.0;626.0
-1;75200;BANANAS;4895;13;4890;29;;;4897;29;;;;;4896.0;862.5781
-1;75300;BANANAS;4891;27;;;;;4892;1;4898;27;;;4891.5;861.5625
-1;75300;PEARLS;9995;27;;;;;10005;27;;;;;10000.0;626.0
-1;75400;BANANAS;4896;5;4892;28;;;4899;28;;;;;4897.5;868.3047
-1;75400;PEARLS;9996;2;9995;26;;;10004;2;10005;26;;;10000.0;626.0
-1;75500;BANANAS;4892;24;;;;;4898;24;;;;;4895.0;860.6719
-1;75500;PEARLS;9996;1;9995;23;;;10004;1;10005;23;;;10000.0;626.0
-1;75600;PEARLS;9995;30;;;;;10002;9;10005;30;;;9998.5;626.0
-1;75600;BANANAS;4892;30;;;;;4897;9;4899;30;;;4894.5;862.4219
-1;75700;BANANAS;4892;20;;;;;4897;1;4899;20;;;4894.5;863.35156
-1;75700;PEARLS;9995;20;;;;;10002;1;10005;20;;;9998.5;626.0
-1;75800;BANANAS;4892;31;;;;;4899;31;;;;;4895.5;844.375
-1;75800;PEARLS;9996;2;9995;29;;;10004;2;10005;29;;;10000.0;626.0
-1;75900;BANANAS;4892;21;;;;;4895;1;4898;21;;;4893.5;850.8125
-1;75900;PEARLS;9996;1;9995;20;;;10004;1;10005;20;;;10000.0;626.0
-1;76000;PEARLS;10000;4;9995;21;;;10002;9;10005;21;;;10001.0;626.0
-1;76000;BANANAS;4892;21;;;;;4897;9;4898;21;;;4894.5;852.9844
-1;76100;BANANAS;4892;26;;;;;4898;1;4899;25;;;4895.0;854.3203
-1;76100;PEARLS;9996;1;9995;25;;;10004;1;10005;25;;;10000.0;626.0
-1;76200;BANANAS;4892;20;;;;;4899;20;;;;;4895.5;859.375
-1;76200;PEARLS;9995;20;;;;;10005;20;;;;;10000.0;626.0
-1;76300;BANANAS;4892;22;;;;;4893;1;4899;22;;;4892.5;849.1719
-1;76300;PEARLS;9996;1;9995;21;;;9998;12;10004;1;10005;21;9997.0;626.0
-1;76400;BANANAS;4893;2;4892;26;;;4899;28;;;;;4896.0;836.25
-1;76400;PEARLS;9996;2;9995;26;;;10004;2;10005;26;;;10000.0;626.0
-1;76500;PEARLS;9996;1;9995;20;;;10004;1;10005;20;;;10000.0;626.0
-1;76500;BANANAS;4893;21;;;;;4899;1;4900;20;;;4896.0;824.0547
-1;76600;BANANAS;4898;1;4893;30;;;4900;30;;;;;4899.0;817.1875
-1;76600;PEARLS;9995;30;;;;;10005;30;;;;;10000.0;626.0
-1;76700;BANANAS;4894;1;4893;26;;;4900;26;;;;;4897.0;826.15625
-1;76700;PEARLS;9998;1;9996;1;9995;25;10004;1;10005;25;;;10001.0;626.0
-1;76800;PEARLS;9996;2;9995;25;;;10004;2;10005;25;;;10000.0;626.0
-1;76800;BANANAS;4893;27;;;;;4894;1;4900;27;;;4893.5;831.59375
-1;76900;PEARLS;9996;2;9995;21;;;10004;2;10005;21;;;10000.0;626.0
-1;76900;BANANAS;4894;2;4893;21;;;4900;23;;;;;4897.0;831.0625
-1;77000;PEARLS;9996;2;9995;30;;;10004;2;10005;30;;;10000.0;626.0
-1;77000;BANANAS;4894;2;4893;30;;;4900;32;;;;;4897.0;826.2422
-1;77100;BANANAS;4894;29;;;;;4900;30;;;;;4897.0;831.5156
-1;77100;PEARLS;9996;1;9995;29;;;10004;1;10005;29;;;10000.0;626.0
-1;77200;PEARLS;9996;1;9995;29;;;10004;1;10005;29;;;10000.0;626.0
-1;77200;BANANAS;4894;30;;;;;4901;30;;;;;4897.5;818.2656
-1;77300;PEARLS;9996;1;9995;23;;;10004;1;10005;23;;;10000.0;626.0
-1;77300;BANANAS;4895;1;4894;23;;;4901;24;;;;;4898.0;826.6797
-1;77400;PEARLS;9996;1;9995;21;;;10004;1;10005;21;;;10000.0;626.0
-1;77400;BANANAS;4894;22;;;;;4901;22;;;;;4897.5;822.125
-1;77500;BANANAS;4895;28;;;;;4901;28;;;;;4898.0;825.5625
-1;77500;PEARLS;9996;2;9995;26;;;9998;3;10004;2;10005;26;9997.0;626.0
-1;77600;PEARLS;9996;1;9995;30;;;10004;1;10005;30;;;10000.0;626.0
-1;77600;BANANAS;4894;31;;;;;4901;31;;;;;4897.5;824.34375
-1;77700;PEARLS;9998;4;9995;28;;;10005;28;;;;;10001.5;626.0
-1;77700;BANANAS;4895;5;4894;28;;;4901;28;;;;;4898.0;815.0
-1;77800;PEARLS;9995;29;;;;;10005;29;;;;;10000.0;626.0
-1;77800;BANANAS;4894;29;;;;;4901;29;;;;;4897.5;819.4375
-1;77900;PEARLS;9996;2;9995;24;;;9998;1;10004;2;10005;24;9997.0;626.0
-1;77900;BANANAS;4895;2;4894;24;;;4901;26;;;;;4898.0;836.1875
-1;78000;BANANAS;4895;2;4894;27;;;4901;28;;;;;4898.0;837.09375
-1;78000;PEARLS;9998;2;9996;1;9995;27;10004;1;10005;27;;;10001.0;628.0
-1;78100;PEARLS;10002;1;9998;4;9996;1;10004;1;10005;30;;;10003.0;628.0
-1;78100;BANANAS;4896;4;4895;31;;;4901;31;;;;;4898.5;835.6406
-1;78200;PEARLS;9998;8;9996;1;9995;27;10004;1;10005;27;;;10001.0;630.0
-1;78200;BANANAS;4895;8;4894;28;;;4901;28;;;;;4898.0;829.0469
-1;78300;PEARLS;9998;3;9995;28;;;10005;28;;;;;10001.5;630.0
-1;78300;BANANAS;4895;3;4894;28;;;4900;28;;;;;4897.5;827.84375
-1;78400;BANANAS;4894;28;;;;;4900;2;4901;26;;;4897.0;835.27344
-1;78400;PEARLS;9996;2;9995;26;;;10004;2;10005;26;;;10000.0;630.0
-1;78500;PEARLS;9995;21;;;;;10005;21;;;;;10000.0;630.0
-1;78500;BANANAS;4893;21;;;;;4900;21;;;;;4896.5;821.5469
-1;78600;PEARLS;9996;2;9995;30;;;10004;2;10005;30;;;10000.0;630.0
-1;78600;BANANAS;4894;32;;;;;4900;32;;;;;4897.0;824.3906
-1;78700;PEARLS;9995;21;;;;;10005;21;;;;;10000.0;630.0
-1;78700;BANANAS;4893;21;;;;;4900;21;;;;;4896.5;814.3594
-1;78800;BANANAS;4900;1;4897;2;4895;2;4901;29;;;;;4900.5;818.78906
-1;78800;PEARLS;10002;8;9996;2;9995;27;10004;2;10005;27;;;10003.0;630.0
-1;78900;PEARLS;9996;1;9995;29;;;10004;1;10005;29;;;10000.0;646.0
-1;78900;BANANAS;4894;1;4893;29;;;4900;30;;;;;4897.0;827.6875
-1;79000;PEARLS;9996;1;9995;23;;;10004;1;10005;23;;;10000.0;646.0
-1;79000;BANANAS;4894;24;;;;;4901;24;;;;;4897.5;824.91406
-1;79100;PEARLS;9995;24;;;;;10005;24;;;;;10000.0;646.0
-1;79100;BANANAS;4894;24;;;;;4895;1;4901;24;;;4894.5;813.5469
-1;79200;BANANAS;4895;26;;;;;4896;3;4901;26;;;4895.5;810.1875
